2063 3242
335 172 418 211 280
638 168 817 209 ORAT.
851 167 969 209 PRO
1004 167 1053 208 L.
1078 165 1359 207 VALERIO
1394 165 1631 208 FLACCO

335 288 439 333 tate,
466 282 697 325 retinebis?
758 284 821 323 At
842 281 965 322 istius
985 280 1234 322 hereditatis
1255 281 1345 334 jam
1368 279 1546 321 Globulo
1575 284 1769 335 praetore
1794 278 1937 320 Flacci

337 349 503 390 nomine
534 349 670 404 petita
698 346 908 402 possessio
940 350 1018 386 est.
1083 346 1180 385 Non
1211 345 1340 400 igitur
1372 344 1603 400 impressio,
1641 360 1722 385 non
1759 344 1936 394 occasio,

339 429 423 455 non
443 413 518 462 vis,
537 428 621 453 non
643 419 820 466 tempus,
845 425 928 451 non
950 410 1182 465 imperium,
1205 425 1288 450 non
1310 424 1478 450 secures
1498 411 1552 450 ad
1573 410 1767 464 injuriam
1788 409 1939 450 facien—

340 479 436 518 dam
460 477 603 518 Flacci
638 476 821 517 animum
850 475 1117 530 impulerunt.
1182 475 1332 530 Itaque
1364 475 1510 516 eodem
1539 475 1665 516 etiam
1699 475 1762 515 M.
1787 475 1937 525 Lurco,

339 543 401 583 vir
437 542 633 597 optimus,
677 556 793 582 meus
841 540 1068 589 familiaris,
1112 541 1320 582 convertit
1359 540 1549 581 aculeum
1588 540 1819 581 testimonii
1860 539 1937 580 sui.

343 608 526 664 Negavit
547 622 572 647 a
593 607 757 662 privato
778 606 995 661 pecuniam
1016 605 1058 646 in
1079 605 1292 660 provincia
1313 611 1551 660 praetorem
1572 610 1715 660 petere
1730 609 1938 660 oportere.

342 673 426 714 Gur
448 674 629 720 tandem,
656 672 718 712 M.
744 671 893 722 Lurco,
918 686 1001 712 non
1024 672 1217 726 oportet?
1279 670 1559 726 Extorquere,
1582 671 1773 725 accipere
1795 675 1942 711 contra

339 741 456 795 leges
487 754 570 779 non
604 742 797 793 oportet:
843 744 986 793 petere
1016 752 1099 778 non
1133 741 1327 792 oportere
1360 751 1586 791 numquam
1619 738 1827 786 ostendes,
1861 735 1941 776 nisi

342 804 533 845 docueris
555 819 638 844 non
659 803 795 844 licere.
860 804 931 843 An
952 802 1184 858 legationes
1206 816 1368 843 sumere
1390 802 1542 842 liberas
1564 802 1757 856 exigendi
1779 816 1940 851 caussa,

342 870 454 911 sicut
476 874 519 910 et
540 874 588 910 tu
610 869 697 924 ipse
718 883 850 924 nuper
879 873 922 910 et
943 868 1063 909 multi
1084 868 1159 909 viri
1181 867 1277 908 boni
1299 881 1423 922 saepe
1451 867 1653 917 fecerunt,
1677 872 1840 908 rectum
1861 871 1938 916 est,

342 936 454 991 quod
472 949 550 990 ego
571 949 655 974 non
677 934 949 989 reprehendo,
974 933 1110 974 socios
1132 933 1251 974 video
1274 933 1415 987 queri3
1450 938 1700 987 praetorem,
1724 933 1758 973 si
1780 931 1942 973 heredi-

341 1006 478 1042 tatem
518 1000 560 1040 in
600 999 814 1055 provincia
854 1014 936 1040 non
977 998 1201 1054 reliquerit,
1245 1013 1327 1038 non
1368 998 1503 1038 solum
1543 998 1940 1053 reprehendendum,

342 1080 487 1107 verum
533 1065 661 1106 etiam
717 1065 1076 1105 condemnandum
1128 1065 1279 1119 putas?
1359 1063 1572 1103 XXXV.
1624 1063 1739 1111 Doti,
1792 1062 1941 1117 inquit,

346 1131 520 1171 Valeria
556 1130 774 1185 pecuniam
807 1145 971 1170 omnem
1007 1144 1126 1170 suam
1155 1129 1331 1170 dixerat.
1395 1128 1509 1169 Nihil
1537 1128 1714 1170 istorum
1747 1127 1944 1183 explicari

343 1200 498 1251 potest,
534 1195 612 1235 nisi
643 1195 878 1236 ostenderis
902 1195 1013 1235 illam
1040 1194 1082 1234 in
1112 1195 1245 1235 tutela
1269 1193 1410 1235 Flacci
1445 1209 1529 1234 non
1565 1194 1706 1235 fuisse.
1769 1194 1813 1234 Si
1848 1194 1941 1242 fuit,

345 1275 632 1315 quaecumque
662 1260 750 1301 sine
772 1261 852 1300 hoc
873 1265 1047 1301 auctore
1076 1263 1142 1300 est
1164 1259 1278 1300 dicta
1301 1259 1387 1309 dos,
1411 1260 1522 1300 nulla
1553 1264 1631 1300 est.
1697 1260 1779 1300 Sed
1800 1264 1944 1300 tamen

347 1326 593 1374 Lurconem,
625 1340 880 1380 quamquam
920 1339 995 1379 pro
1025 1339 1102 1364 sua
1138 1324 1347 1379 dignitate
1382 1325 1626 1365 moderatus
1651 1329 1716 1365 est
1748 1325 1789 1364 in
1824 1323 1944 1365 testi-

344 1391 483 1432 monio
516 1391 692 1432 dicendo
724 1390 915 1446 religioni
947 1404 1060 1440 suae,
1094 1394 1235 1431 tamen
1266 1390 1419 1431 iratum
1452 1389 1607 1430 Flacco
1641 1404 1733 1430 esse
1768 1388 1944 1430 vidistis.

348 1457 494 1512 Neque
520 1457 630 1497 enim
661 1456 890 1497 occultavit
912 1470 1100 1496 caussam
1135 1455 1376 1496 iracundiae
1401 1470 1501 1496 suae
1522 1470 1657 1510 neque
1687 1454 1946 1496 reticendam

345 1523 524 1578 putavit.
587 1523 774 1575 Questus
800 1526 866 1563 est
886 1522 1084 1562 libertum
1115 1536 1236 1562 suum
1261 1521 1413 1561 Flacco
1442 1525 1636 1576 praetore
1665 1535 1755 1561 esse
1777 1520 1946 1560 damna-

343 1593 448 1631 tum.
512 1587 547 1628 O
571 1587 830 1630 conditiones
863 1587 1039 1629 miseras
1070 1586 1497 1629 adininistrandarum
1532 1585 1748 1627 civitatum
1782 1589 1826 1626 et
1852 1600 1946 1640 pro-

348 1748 405 1774 not
427 1744 501 1774 take
526 1744 705 1783 possession
729 1744 762 1773 in
785 1754 803 1773 a
827 1744 945 1773 certain
968 1743 1054 1780 time,
1076 1743 1126 1773 for

349 1787 482 1817 another
511 1797 586 1816 man
612 1787 715 1826 might
738 1787 810 1816 take
842 1787 1020 1825 possession
1054 1785 1125 1826 (pro

349 1830 477 1870 herede)
494 1830 556 1860 and
573 1830 644 1869 gain
660 1840 678 1859 a
693 1830 772 1859 title.
818 1830 865 1859 To
881 1831 945 1859 lose
962 1829 1002 1868 by
1020 1829 1126 1859 ‘usus’

350 1883 451 1903 seems
475 1884 515 1902 an
538 1874 661 1902 inexact
677 1873 869 1912 expression.
917 1873 1071 1902 “Rursus
1088 1882 1125 1902 ex

350 1917 506 1946 contrario
530 1916 641 1945 accidit
665 1920 700 1945 ut
724 1916 777 1955 qui
801 1916 877 1945 sciat
899 1916 1033 1945 alienam
1058 1926 1122 1945 rem

350 1969 383 1989 se
408 1959 566 1998 possidere
590 1959 771 1998 usucapiat:
797 1959 882 1988 velut
902 1959 926 1988 si
950 1969 1015 1988 rem
1034 1958 1123 1988 here-

351 2002 505 2038 ditariam,
523 2003 612 2040 cujus
628 2002 857 2040 possessionem
877 2002 967 2031 heres
984 2001 1123 2031 nonduin

351 2049 462 2074 nactus
485 2048 533 2075 est
556 2045 670 2084 aliquis
693 2045 884 2084 possederim
908 2055 981 2074 nam
1001 2045 1028 2074 ei
1049 2055 1124 2074 con-

352 2098 473 2118 cessum
502 2091 549 2118 est
575 2098 754 2127 usucapere,
772 2088 797 2117 si
821 2088 913 2117 modo
937 2098 973 2117 ea
996 2098 1044 2117 res
1066 2091 1124 2123 est,

352 2141 432 2171 quae
448 2132 557 2171 recipit
574 2132 807 2170 usucapionem,
825 2141 904 2170 quae
920 2131 1037 2170 species
1054 2140 1125 2170 pos-

352 2175 499 2204 sessionis
527 2178 558 2204 et
585 2175 783 2213 usucapionis
810 2184 866 2213 pro
892 2174 1007 2203 herede
1033 2184 1124 2203 voca-

352 2221 404 2247 tur
417 2217 447 2245 :’'
475 2218 571 2247 Gaius
594 2216 638 2256 (ii.
657 2216 724 2256 52),
743 2217 811 2246 who
833 2217 973 2256 explains
988 2217 1043 2247 the
1058 2227 1126 2247 rea-

354 2270 411 2290 son
428 2261 463 2290 of
475 2260 537 2289 this
553 2261 621 2289 rule
637 2261 673 2289 of
686 2261 741 2290 law
760 2259 805 2300 (ii.
823 2261 890 2299 55).

400 2303 592 2341 impressim]
642 2303 828 2341 ‘Inipetus,'
857 2313 927 2342 says
952 2303 1128 2339 Manutius,

356 2346 426 2375 that
442 2346 477 2380 is,
497 2349 503 2361 ‘
517 2345 678 2375 violentes
702 2346 770 2375 The
788 2349 794 2362 ¹
808 2346 978 2376 hereditas'
996 2356 1057 2375 was
1074 2348 1130 2375 not

356 2388 502 2427 acquir-ed
531 2388 571 2427 by
593 2399 653 2426 any
678 2389 826 2423 violence,
849 2399 884 2418 or
903 2390 1054 2427 irregular
1077 2399 1129 2418 ex-

357 2432 454 2461 ercise
470 2431 504 2459 of
517 2431 570 2459 the
586 2431 765 2469 governor-’s
781 2432 951 2470 authority.

403 2474 589 2512 legsalionex]
630 2474 686 2502 See
702 2474 772 2503 Vol.
792 2474 837 2503 II.
857 2475 905 2504 De
923 2474 998 2512 Leg.
1016 2473 1092 2512 Agr.
1110 2474 1129 2502 i.

359 2527 385 2546 c.
414 2518 445 2546 3.
492 2518 499 2532 ⁴
515 2516 668 2553 Exigendi
693 2516 819 2546 caussa'
837 2527 943 2546 means
967 2520 1000 2546 to
1023 2519 1075 2554 get
1099 2517 1130 2545 in

358 2560 448 2589 debts
465 2559 526 2588 and
543 2562 575 2588 to
591 2559 663 2587 look
679 2559 757 2588 after
773 2560 855 2588 their
870 2560 983 2588 affairs.
1022 2559 1131 2588 Cicero

361 2603 424 2642 (Ad
440 2602 525 2631 Fam.
544 2602 595 2630 xii.
610 2601 665 2640 ⁶21)
683 2602 766 2640 gives
783 2613 799 2630 a
816 2602 907 2631 letter
923 2602 958 2630 of
971 2602 1130 2630 introduc-

360 2647 427 2676 tion
445 2649 477 2674 to
494 2645 530 2675 C.
548 2645 678 2674 Anicius
701 2644 867 2673 addi-essed
888 2648 920 2673 to
945 2644 1131 2674 Cornificius

360 2689 415 2719 the
442 2689 565 2717 Roman
590 2697 741 2726 governor
764 2688 800 2716 of
818 2687 941 2716 Africa:
968 2690 986 2703 “
1000 2686 1035 2716 C.
1053 2686 1131 2716 Ani-

361 2733 427 2761 cius
444 2731 603 2760 familiaris
628 2741 725 2765 meuS,
744 2730 790 2759 vir
805 2730 950 2758 omnibus
969 2729 1062 2758 rebus
1082 2739 1130 2758 or-

362 2778 465 2809 natus,
480 2774 675 2811 negotiorum
689 2783 816 2802 suorum
830 2783 938 2801 caussa
954 2772 1074 2808 legatus
1085 2774 1132 2800 est

361 2819 392 2848 in
405 2818 540 2848 Africam
556 2817 709 2855 legatione
722 2815 852 2845 libera.”
884 2815 1048 2844 Manutius
1060 2825 1132 2853 sup-

363 2871 453 2899 poses
483 2860 553 2889 that
578 2860 632 2889 the
661 2859 876 2894 Provinciales,
903 2858 951 2887 for
981 2858 1055 2897 they
1082 2867 1134 2887 are

362 2904 416 2935 the
441 2903 532 2939 Socii,
550 2902 746 2942 complained
764 2902 868 2942 “quia
891 2911 960 2932 cum
983 2900 1133 2931 senatori-

1169 1742 1228 1772 bus
1259 1752 1324 1773 non
1354 1752 1455 1782 aequo
1482 1742 1554 1781 jure
1583 1742 1742 1781 litigarent
1754 1742 1787 1779 ;”
1813 1742 1874 1772 and
1906 1742 1946 1772 he

1170 1790 1281 1825 quotes
1298 1786 1407 1816 Cicero
1429 1785 1493 1825 (De
1510 1786 1584 1824 Leg.
1602 1786 1643 1815 iii.
1667 1784 1721 1824 8):
1748 1789 1766 1802 ‘⁴
1778 1786 1851 1815 Jam
1868 1785 1946 1815 illud

1170 1833 1314 1868 apertum
1329 1832 1376 1858 est
1388 1829 1528 1868 profecto
1542 1829 1619 1858 nihil
1631 1838 1699 1858 esse
1714 1829 1837 1867 turpius
1850 1839 1945 1868 quam

1170 1875 1218 1901 est
1229 1882 1419 1911 quemquam
1432 1872 1527 1910 legari
1541 1872 1599 1900 nisi
1614 1872 1658 1901 rei
1670 1872 1814 1910 publicae
1826 1882 1944 1901 caussa.

1170 1915 1292 1945 Omitto
1310 1915 1575 1954 quemadmodum
1599 1915 1651 1944 isti
1673 1925 1705 1944 se
1725 1918 1834 1953 gerant
1850 1919 1946 1954 atque

1169 1958 1322 1996 gesserint
1338 1958 1391 1996 qui
1415 1958 1570 1996 legatione
1592 1957 1781 1987 hereditates
1800 1963 1856 1988 aut
1872 1968 1945 1997 syn-

1169 2001 1303 2039 graphas
1328 2011 1398 2030 suas
1422 2000 1690 2040 persequuntur,’'
1708 2004 1764 2030 Sec.
1805 2001 1869 2030 But
1892 2001 1947 2030 the

1170 2045 1250 2073 fault
1275 2054 1335 2073 was
1361 2045 1430 2073 that
1456 2044 1545 2073 these
1577 2043 1711 2083 ‘legati’
1736 2044 1828 2073 could
1855 2044 1947 2073 make

1171 2087 1287 2116 certain
1298 2087 1448 2116 demands
1464 2097 1504 2116 on
1521 2087 1574 2116 the
1587 2087 1793 2116 provinciales
1802 2087 1869 2125 just
1885 2087 1947 2116 like

1172 2131 1261 2159 those
1288 2130 1357 2159 who
1383 2140 1463 2160 were
1494 2133 1565 2159 sent
1591 2140 1632 2159 on
1659 2130 1765 2169 public
1792 2130 1945 2159 business.

1172 2173 1358 2203 Sometimes
1368 2173 1442 2212 they
1458 2173 1519 2202 had
1536 2173 1650 2203 lictors.
1696 2173 1805 2203 Cicero
1822 2172 1951 2202 himself

1172 2217 1232 2245 had
1259 2216 1355 2245 taken
1382 2226 1400 2245 a
1416 2216 1548 2254 ‘legatio
1573 2215 1701 2252 libera3'
1726 2226 1761 2245 or
1782 2216 1821 2244 he
1840 2215 1947 2244 talked

1172 2259 1269 2289 about
1285 2260 1395 2298 taking
1411 2269 1470 2288 one
1489 2259 1553 2297 (Ad
1570 2259 1637 2288 Att.
1654 2259 1674 2288 i.
1694 2257 1737 2298 l).

1217 2304 1268 2333 35.
1293 2303 1383 2337 Doti,
1398 2302 1528 2340 inquit,]
1556 2303 1649 2330 Some
1661 2311 1728 2330 new
1739 2303 1854 2330 matter
1866 2300 1946 2330 from

1175 2345 1228 2375 the
1244 2345 1336 2374 other
1351 2345 1426 2374 side.
1471 2344 1540 2373 The
1556 2343 1699 2373 husband
1716 2348 1770 2382 got
1786 2344 1833 2372 his
1850 2343 1947 2373 wife’s

1174 2391 1323 2427 property
1339 2398 1372 2416 as
1397 2388 1474 2416 Dos.
1520 2387 1588 2415 The
1611 2396 1732 2416 answer
1754 2386 1780 2415 is
1803 2387 1873 2415 that
1892 2387 1948 2416 she

1175 2430 1266 2460 could
1292 2434 1346 2459 not
1370 2430 1439 2467 give
1463 2429 1519 2458 her
1541 2439 1653 2468 money
1671 2433 1703 2458 to
1728 2429 1783 2458 her
1803 2429 1947 2459 husband

1177 2473 1309 2502 without
1325 2471 1464 2501 Flaccus'
1482 2476 1621 2507 consent,
1645 2472 1671 2501 if
1691 2472 1745 2501 she
1765 2483 1825 2501 was
1849 2472 1949 2502 under

1177 2514 1317 2545 Flaccus'
1336 2518 1343 2531 ‘
1358 2513 1479 2544 tutela!
1526 2514 1599 2554 (See
1617 2515 1676 2544 Pro
1694 2516 1838 2552 Caecina,
1856 2526 1882 2546 c.
1896 2517 1948 2551 25,

1178 2559 1248 2587 vol.
1268 2557 1329 2597 11.)

1220 2601 1369 2638 reliqioni
1406 2600 1509 2639 suaa]
1561 2601 1706 2631 Bremius
1743 2602 1805 2631 and
1843 2601 1949 2630 others

1176 2643 1277 2672 would
1295 2643 1368 2672 read
1383 2643 1554 2672 ‘orationi'
1580 2644 1668 2683 They
1682 2654 1827 2683 compare
1840 2644 1949 2674 Cicero

1178 2686 1282 2725 (Verr.
1300 2686 1331 2715 ii.
1352 2688 1381 2715 3.
1406 2696 1431 2714 e.
1449 2686 1525 2725 4:5):
1553 2689 1571 2702 “
1588 2686 1706 2722 Sentio,
1728 2687 1859 2725 judices,
1884 2696 1950 2716 mo-

1177 2728 1347 2758 derandum
1366 2728 1441 2757 inihi
1456 2740 1522 2758 esse
1535 2730 1600 2767 jam
1618 2730 1751 2759 orationi
1768 2740 1855 2759 meae
1872 2729 1950 2767 fugi-

1177 2772 1354 2810 endamque.
1381 2776 1514 2801 vestram
1541 2772 1752 2802 satietatem.''
1801 2772 1833 2802 If
1856 2773 1950 2801 ‘reli-

1178 2815 1262 2852 gioni
1278 2814 1284 2827 '
1303 2815 1327 2843 is
1344 2815 1437 2851 right,
1456 2815 1490 2843 of
1502 2825 1611 2845 course
1627 2815 1651 2844 it
1669 2825 1774 2845 means
1791 2816 1874 2844 what
1897 2815 1951 2844 the

1179 2861 1422 2886 commentator-s
1439 2867 1502 2897 say,
1522 2861 1542 2874 “
1557 2858 1685 2887 modum
1705 2858 1807 2888 tenuit
1823 2861 1950 2897 propter

1178 2900 1359 2939 religionem
1377 2901 1493 2930 scilicet
1505 2900 1743 2940 jurisjurandi.”
