2002 3235
718 198 853 240 GAP.
885 202 922 251 8,
956 201 996 241 9.
1581 205 1666 249 487

66 326 91 353 o
124 311 181 352 dii
217 311 341 352 boni!
387 326 512 367 quam
553 316 691 353 taeter
731 312 982 354 incedebat!
1033 327 1157 368 quam
1200 314 1490 355 truculentus!
1539 331 1663 371 quam

65 377 263 418 terribilis
290 377 494 432 adspectu
514 379 714 418 l——unum
748 378 927 433 aliquem
948 382 992 419 te
1022 393 1074 418 ex
1106 379 1295 419 barbatis
1315 379 1405 429 illis,
1430 382 1664 435 exemplum

66 442 227 496 imperii
248 442 411 490 veteris,
444 442 667 497 imaginem
697 443 976 498 antiquitatis,
1001 443 1192 485 columen
1213 444 1272 484 rei
1294 444 1482 499 publicae
1504 445 1664 487 diceres

65 506 487 548 intueriz—vestitus
527 522 674 563 aspere
715 515 860 550 nostra
900 509 978 549 hac
1019 524 1201 564 purpura
1240 510 1403 564 plebeia
1442 525 1491 551 ac
1531 526 1664 566 paene

65 572 210 619 fusca;
260 572 408 627 capillo
440 572 501 613 ita
534 573 718 622 horrido,
753 578 801 614 ut
838 574 992 629 Capua,
1034 574 1074 614 in
1109 589 1191 629 qua
1223 575 1311 629 ipse
1346 580 1437 616 tum
1472 575 1665 631 imaginis

67 637 278 677 ornandae
332 651 479 677 caussa
534 637 844 679 duumviratum
894 639 1083 693 gerebat,
1143 639 1373 694 Seplasiam
1425 641 1666 682 sublaturus

65 702 290 742 videretur.
354 701 463 742 Nam
485 702 583 756 quid
614 718 692 757 ego
721 704 773 744 de
805 704 1026 758 supercilio
1062 703 1208 754 dicam,
1233 704 1343 758 quod
1367 710 1456 744 tum
1488 705 1666 745 homini-

65 768 145 808 bus
175 782 258 807 non
291 767 570 821 supercilium,
604 768 677 808 sed
714 768 866 823 pignus
899 769 958 809 rei
991 769 1182 823 publicae
1218 769 1467 811 videbatur?
1527 770 1665 812 Tanta

66 837 158 872 erat
189 832 376 887 gravitas
408 832 447 871 in
480 832 611 882 oculo,
646 839 768 874 tanta
799 834 1036 874 contractio
1072 834 1236 883 frontis,
1259 841 1308 876 ut
1339 835 1407 875 illo
1443 835 1664 890 supercilio

65 912 199 937 annus
221 897 287 936 ille
308 896 384 937 niti
418 902 634 951 tamquam
656 899 757 947 vade
788 899 1010 939 videretur.

68 966 91 983 “
110 961 191 1002 Est-
223 967 365 1002 tamen
397 961 456 1001 rei
493 962 685 1015 publicae
715 977 914 1017 magnum
945 963 1190 1018 firmumque
1221 964 1479 1012 subsidium;
1527 965 1662 1006 habeo

65 1040 187 1081 quem
218 1041 427 1081 opponam
463 1026 545 1066 labi
577 1026 633 1066 illi
660 1032 789 1081 atque
820 1042 976 1073 coeno;
1013 1028 1133 1068 vultu
1165 1028 1453 1070 mediusfidius
1482 1029 1665 1084 collegae

65 1091 128 1132 sui
148 1091 363 1132 libidinem
384 1091 680 1147 levitatemque
701 1093 893 1147 franget;
930 1092 1101 1134 habebit
1122 1099 1295 1134 senatus
1317 1093 1358 1133 in
1380 1093 1490 1136 hunc
1511 1109 1666 1137 annum

65 1171 188 1210 quem
218 1161 446 1211 sequatur;
481 1171 563 1196 non
595 1156 729 1198 deerit
764 1162 912 1198 auctor
943 1164 987 1199 et
1009 1158 1094 1198 dux
1123 1158 1284 1199 bonis.”
1347 1158 1457 1199 Mihi
1489 1160 1666 1215 denique

65 1222 253 1262 homines
293 1221 516 1276 praecipue
556 1222 892 1276 gratulabantur,
935 1223 1045 1277 quod
1085 1223 1306 1264 habiturus
1341 1238 1475 1264 essem
1516 1231 1666 1267 contra

64 1287 277 1329 tribunum
300 1286 431 1342 plebis
452 1287 654 1327 furiosum
676 1292 719 1327 et
739 1288 940 1327 audacem
963 1303 1091 1343 quum
1108 1289 1288 1329 amicum
1305 1294 1349 1330 et
1370 1290 1549 1340 affinem,
1574 1296 1665 1332 tum

65 1352 193 1394 etiam
213 1353 366 1393 fortem
389 1360 432 1393 et
452 1367 623 1407 gravem
646 1352 873 1392 consulem.

126 1418 212 1458 IX.
260 1418 405 1471 Atque
442 1432 586 1457 eorum
626 1417 733 1457 alter
765 1417 911 1457 fefellit
943 1417 1165 1459 neminem.
1229 1419 1332 1471 Quis
1364 1419 1473 1460 enim
1505 1420 1665 1461 clavum

65 1483 173 1524 tanti
200 1482 358 1537 imperii
381 1488 524 1523 tenere
546 1491 590 1522 et
609 1482 892 1536 gubernacula
913 1482 971 1522 rei
994 1482 1185 1537 publicae
1206 1489 1392 1525 tractare
1419 1485 1461 1525 in
1483 1486 1665 1526 maximo

65 1563 190 1588 cursu
219 1562 268 1588 ac
300 1547 496 1588 fluctibus
529 1561 650 1602 posse
681 1547 962 1588 arbitraretur
991 1548 1200 1588 hominem
1222 1564 1429 1591 emersum
1450 1551 1590 1592 subito
1613 1567 1665 1592 ex

65 1613 273 1654 diuturnis
304 1612 489 1653 tenebris
520 1612 745 1653 lustrorum
772 1628 820 1653 ac
847 1619 1102 1668 stuprorum,
1127 1614 1234 1665 vino,
1267 1616 1425 1670 ganeis,
1449 1616 1665 1658 lenociniis

64 1678 361 1732 adulteriisque
393 1678 659 1718 confectum?
690 1692 818 1732 quum
839 1677 874 1717 is
895 1683 1064 1732 praeter
1093 1693 1211 1733 spem
1233 1679 1274 1719 in
1295 1680 1499 1721 altissimo
1530 1683 1663 1737 gradu

64 1742 209 1783 alienis
230 1743 380 1797 opibus
411 1742 575 1797 positus
597 1747 723 1789 esset,
747 1741 815 1796 qui
838 1757 920 1782 non
948 1744 1074 1783 modo
1105 1749 1402 1799 tempestatem
1424 1746 1664 1801 impenden-

64 1813 150 1849 tem
172 1807 323 1849 intueri
355 1807 624 1855 temulentus,
658 1807 732 1847 sed
763 1822 814 1847 ne
846 1807 981 1848 lucem
1012 1808 1180 1863 quidem
1211 1809 1420 1852 insolitam
1450 1812 1666 1867 adspicere

63 1878 220 1927 posset.
282 1873 405 1913 Alter
438 1873 593 1912 multos
624 1872 744 1927 plane
777 1873 819 1912 in
855 1888 1000 1913 omnes
1034 1879 1177 1928 partes
1205 1875 1364 1916 fefellit.
1426 1876 1534 1918 Erat
1555 1878 1665 1918 enim

64 1937 278 1978 hominum
300 1937 483 1992 opinioni
506 1937 726 1978 nobilitate
748 1938 837 1992 ipsa
858 1938 1012 1979 blanda
1044 1939 1375 1982 conciliatricula
1397 1943 1664 1984 commenda-

65 2008 148 2043 tus.
211 2002 368 2043 Omnes
399 2003 496 2042 boni
525 2017 690 2057 semper
721 2003 931 2045 nobilitati
962 2004 1159 2054 favemus,
1198 2010 1242 2046 et
1272 2006 1367 2061 quia
1398 2007 1498 2048 utile
1519 2013 1585 2048 est
1606 2007 1665 2048 rei

65 2067 254 2122 publicae
286 2067 445 2107 nobiles
467 2067 657 2107 homines
679 2082 770 2108 esse
806 2068 956 2123 dignos
986 2069 1215 2123 majoribus
1246 2071 1344 2120 suis,
1367 2077 1410 2112 et
1439 2072 1535 2126 quia
1555 2073 1664 2114 valet

65 2131 175 2187 apud
211 2146 287 2171 nos
329 2131 536 2172 clarorum
576 2131 790 2172 hominum
832 2137 876 2173 et
912 2133 1018 2174 bene
1055 2134 1106 2174 de
1138 2149 1184 2175 re
1217 2135 1382 2189 publica
1417 2137 1663 2178 meritorum

65 2245 139 2264 rnen
154 2235 190 2265 of
201 2235 263 2265 old.
310 2235 466 2274 Compare
482 2235 542 2265 Pro
560 2235 677 2271 Caelio,
698 2246 725 2264 c.
745 2237 842 2266 14.—

66 2281 73 2294 ‘
86 2288 225 2318 purpura
247 2277 369 2318 plebeia
381 2278 400 2307 ε’
425 2278 501 2308 such
518 2288 551 2307 as
566 2278 622 2308 the
641 2278 731 2308 Plebs
746 2288 840 2314 wore,

65 2331 101 2351 or
116 2321 170 2351 the
186 2331 334 2351 common
350 2321 425 2350 kind
447 2320 595 2361 (nostra).
641 2321 745 2351 There
760 2332 841 2351 were

65 2364 141 2403 dyes
157 2364 193 2394 of
205 2365 327 2394 various
344 2364 498 2403 qualities.
545 2364 624 2394 Cato
641 2368 660 2380 ‘¹
674 2364 841 2403 observing

65 2406 135 2436 that
158 2417 177 2436 a
200 2407 313 2447 purple
337 2407 423 2436 dress
448 2407 484 2436 of
503 2417 522 2436 a
544 2407 622 2446 deep
649 2406 755 2445 bright
776 2417 838 2437 was

886 2236 967 2266 from
985 2236 1047 2267 this
1063 2238 1152 2267 office
1166 2241 1199 2267 at
1215 2238 1334 2278 Capua,
1349 2239 1375 2269 it
1398 2250 1470 2280 may
1486 2239 1525 2271 be
1541 2251 1560 2271 a
1574 2241 1662 2281 piece

885 2279 922 2308 of
933 2280 1023 2318 irony
1040 2280 1075 2309 of
1087 2280 1142 2309 the
1157 2285 1272 2311 orator.

927 2323 988 2351 nili
1019 2325 1182 2361 tamquam
1218 2324 1297 2354 vade
1338 2325 1520 2365 videretur]
1579 2329 1586 2344 ⁴
1600 2327 1661 2358 niti

884 2367 1047 2404 tamquam
1064 2365 1241 2396 videretur’
1260 2367 1294 2397 P.
1313 2368 1369 2404 G.;
1387 2369 1495 2398 ‘vade’
1516 2370 1541 2399 is
1557 2370 1659 2400 added

884 2407 925 2447 by
957 2407 1087 2446 Madvig
1122 2408 1203 2438 from
1232 2409 1377 2440 Valerius
1408 2412 1530 2442 Probus
1561 2414 1659 2453 (apud

1075 899 1182 940 Erat
1203 899 1270 940 hic
1292 900 1475 940 omnium
1497 915 1660 943 sermo:
1721 913 1723 915 “

65 2450 159 2479 much
175 2451 208 2480 in
224 2450 358 2486 sashion,
372 2450 411 2479 he
424 2450 553 2480 himself
561 2459 642 2479 wore
658 2450 712 2480 the
727 2450 805 2480 dark
817 2449 838 2463 ’'

66 2492 240 2532 (Plutarch,
258 2493 348 2529 Cato,
366 2503 392 2522 c.
410 2492 455 2532 6).

109 2537 225 2573 capillo
242 2537 287 2565 ila
305 2536 464 2575 horrida]
510 2535 578 2565 The
594 2535 695 2565 fellow
711 2536 763 2565 did
781 2538 838 2565 not

66 2578 157 2607 comb
185 2579 234 2608 his
257 2578 324 2607 hair
346 2588 381 2607 or
404 2588 511 2617 grease
534 2579 568 2614 it,
593 2579 653 2608 and
678 2578 718 2608 he
734 2589 796 2608 was
820 2589 838 2608 a

65 2620 160 2659 likely
173 2631 246 2650 man
258 2621 414 2650 therefore
424 2624 458 2651 to
469 2621 547 2650 have
561 2626 618 2660 put
628 2622 719 2651 down
729 2622 771 2651 all
784 2622 838 2651 the

65 2663 185 2692 dealers
208 2664 240 2692 in
264 2664 321 2693 oils
342 2664 404 2693 and
420 2664 577 2702 perfumes
593 2665 662 2693 who
679 2664 740 2694 had
756 2665 839 2694 their

66 2706 161 2745 shops
177 2707 209 2735 in
225 2706 279 2735 the
301 2706 449 2745 Seplasia,
473 2716 533 2736 one
555 2707 591 2736 of
609 2708 663 2737 the
680 2711 791 2738 streets
807 2707 844 2737 of

66 2749 185 2787 Capua.
232 2748 386 2787 Compare
414 2749 461 2778 De
488 2749 618 2788 Agraria
642 2750 726 2789 Lege
749 2751 780 2780 ii.
798 2753 837 2780 5:

67 2794 85 2808 “
100 2791 215 2820 vestitu
231 2790 451 2825 obsoletiore,’'
468 2793 525 2821 &c.

109 2834 363 2873 duumviratum]
414 2834 484 2863 Piso
509 2834 571 2864 and
592 2834 650 2865 Cn.
669 2835 837 2874 Pompeius

64 2886 145 2905 were
163 2877 329 2906 Duumviri
345 2877 376 2906 in
393 2877 447 2906 the
463 2887 531 2906 new
544 2877 655 2916 colony
668 2878 703 2907 of
716 2878 834 2918 Capua,

64 2919 110 2948 As
135 2923 167 2948 to
194 2919 247 2949 the
271 2919 393 2949 honour
416 2923 448 2948 to
472 2920 520 2949 his
541 2920 750 2960 genealogical
771 2925 837 2952 tree

884 2450 1012 2480 Putsch.
1038 2451 1096 2480 col.
1125 2452 1202 2482 1461
1232 2453 1293 2482 and
1323 2454 1428 2493 1475),
1448 2455 1518 2485 who
1546 2460 1659 2495 quotes

883 2493 963 2522 from
989 2493 1098 2523 Cicero
1125 2497 1306 2535 ‘tamquam
1334 2497 1434 2533 vade,'
1462 2498 1523 2527 and
1549 2500 1659 2528 ‘vultu

882 2539 1043 2575 tamquam
1066 2536 1479 2570 vade.'—‘mediusfidius:'
1511 2541 1583 2571 Vol.
1610 2542 1657 2572 ΙΙ.

884 2579 996 2608 Index.

925 2622 1077 2661 affinem‚]
1128 2622 1185 2652 See
1202 2622 1308 2655 Quum
1327 2624 1468 2661 Senatui,
1484 2636 1510 2655 c.
1529 2626 1559 2660 7.

926 2667 956 2695 9.
981 2665 1094 2694 alienis
1124 2666 1250 2705 opibus]
1300 2666 1349 2706 By
1373 2668 1428 2697 the
1459 2668 1508 2697 aid
1533 2668 1570 2697 of
1596 2668 1656 2699 Cn.

884 2707 1052 2746 Pompeius
1080 2707 1286 2747 (Manutius),
1314 2719 1347 2738 as
1380 2710 1475 2739 Klotz
1506 2712 1657 2751 correctly

882 2751 1048 2780 translates
1075 2751 1165 2780 it.—‘
1180 2751 1344 2781 nobilitate
1370 2752 1469 2791 ipsaz’
1495 2754 1533 2782 In
1552 2754 1655 2784 Pison.

883 2803 908 2822 c.
941 2794 978 2823 l:
1005 2794 1202 2833 “obrepsisti
1227 2794 1263 2823 ad
1293 2794 1426 2824 honores
1454 2797 1653 2826 commenda-

882 2836 968 2865 tione
983 2836 1176 2866 fumosarum
1198 2837 1381 2875 imaginum,
1405 2848 1538 2878 quarum
1555 2840 1657 2871 simile

881 2879 978 2909 habes
994 2879 1072 2908 nihil
1089 2883 1212 2919 praeter
1227 2879 1397 2910 colore1n.’'
