2002 3235
664 164 798 205 OAP.
830 165 1012 207 37—39.
1556 172 1636 211 285

47 274 235 315 Liternus
262 274 391 330 igitur
425 275 617 326 Lentulo,
652 282 920 331 parentemus
953 277 1153 333 Cethego,
1181 293 1422 320 revocemus
1451 280 1633 333 ejectos:

43 339 192 380 nimiae
216 340 388 395 pietatis
409 346 453 381 et
473 341 622 381 summi
650 342 803 382 amoris
825 342 866 383 in
896 343 1074 397 patriam
1097 343 1277 384 vicissim
1310 359 1386 385 nos
1414 359 1579 398 poenas,
1603 347 1636 386 si

42 404 102 445 ita
132 405 282 459 placet,
307 405 565 446 sufferamus.
628 406 717 446 Nos
740 407 828 460 jam
858 408 911 447 ab
936 407 1141 448 indicibus
1176 409 1463 456 nominamur;
1500 410 1637 451 1111105

43 469 215 510 crimina
235 470 476 524 finguntu1·;
511 470 631 511 nobis
652 471 836 526 pericula
857 479 1165 527 comparantur.
1229 475 1345 526 Quae
1375 475 1409 515 si
1432 490 1503 530 per
1533 476 1636 517 alios

42 539 228 587 agerent,
252 534 287 575 si
316 535 490 589 denique
512 550 585 590 per
616 536 755 590 populi
778 552 926 578 nomen
949 538 1100 578 civium
1128 539 1417 594 imperitorum
1447 540 1635 581 multitu-

44 599 181 640 dinem
203 599 497 649 concitassent,
521 600 714 655 aequiore
736 602 873 642 animo
895 603 1001 644 ferre
1022 618 1237 658 possemus
1255 621 1263 645 :
1298 604 1397 645 illud
1420 619 1517 646 vero
1538 606 1637 646 ferri

42 678 126 704 non
161 669 316 718 potest,
341 665 451 719 quod
481 680 555 720 per
585 672 803 724 senatores
831 672 874 708 et
904 682 977 722 per
1008 668 1168 723 equites
1193 669 1421 723 ¹Romanos,
1446 670 1514 724 qui
1535 670 1636 711 haec

43 729 181 768 omnia
201 744 275 784 pro
296 730 431 771 salute
445 731 629 771 omnium
643 733 851 772 communi
869 733 1053 783 consilio,
1073 749 1155 774 una
1177 739 1317 775 mente
1338 739 1464 789 atque
1479 736 1635 777 virtute

42 800 274 847 gesserunt,
299 795 445 835 harum
467 811 603 836 rerum
625 803 833 846 auctores,
865 798 1003 846 duces,
1027 798 1232 854 principes
1254 800 1419 854 spoliari
1443 801 1636 841 omnibus

41 858 220 899 fortunis
255 864 381 914 atque
413 860 583 902 civitate
616 862 764 916 expelli
805 877 928 917 posse
963 863 1237 905 arbitrantur.
1300 864 1470 905 Etenim
1496 866 1635 920 populi

43 922 221 964 Romani
251 925 510 979 perspiciunt
541 940 633 966 eam
663 931 847 968 mentem
878 932 922 969 et
957 929 1241 969 voluntatem:
1286 930 1476 970 omnibus
1510 932 1636 971 rebus

42 989 192 1043 quibus
208 994 350 1044 potest
370 991 546 1045 populus
569 990 785 1032 Romanus
806 992 1018 1047 significat
1040 993 1139 1048 quid
1160 994 1337 1035 sentiat:
1372 995 1484 1035 nulla
1504 996 1634 1036 varie-

41 1058 108 1094 tas
138 1060 203 1094 est
233 1054 343 1095 inter
373 1055 562 1096 homines
598 1056 818 1111 opinionis,
849 1058 960 1098 nulla
995 1059 1237 1108 voluntatis,
1274 1060 1387 1101 nulla
1418 1061 1632 1102 sermonis.

43 1119 194 1171 Quare,
227 1119 262 1160 si
284 1119 375 1175 quis
403 1120 498 1161 illuc
524 1136 590 1162 1110
611 1127 744 1172 vocat,
769 1123 913 1163 venio:
947 1124 1144 1178 populum
1166 1124 1401 1166 Romanum
1429 1125 1635 1181 discepta-

40 1188 175 1225 torem
191 1199 274 1225 non
295 1185 417 1226 modo
434 1201 517 1226 non
538 1201 698 1236 recuso,
718 1188 930 1229 sedetiam
949 1189 1141 1242 deposco.
1205 1190 1284 1231 Vis
1305 1191 1416 1232 absit
1433 1209 1443 1238 ς
1478 1191 1634 1232 ferrum

40 1264 89 1290 ac
124 1249 281 1305 lapides
314 1256 634 1300 removeantur3
670 1267 818 1306 operae
854 1253 1076 1303 facessant,
1112 1255 1281 1296 servitia
1306 1256 1477 1297 sileant:
1512 1271 1633 1296 1101110

41 1314 122 1356 erit
142 1320 230 1356 tam
252 1315 433 1369 injustus
454 1316 524 1370 qui
545 1331 610 1357 me
632 1317 822 1364 audierit,
837 1317 892 1357 sit
906 1319 1030 1358 modo
1052 1319 1156 1359 liber
1177 1324 1220 1360 et
1241 1320 1352 1370 civis,
1377 1320 1474 1374 quin
1496 1320 1634 1375 potius

41 1381 91 1421 de
115 1381 310 1435 praemiis
331 1381 435 1422 meis
457 1396 577 1436 quam
601 1382 652 1422 de
673 1396 807 1437 poena.
830 1383 1099 1438 cogitandum
1119 1388 1255 1439 putet.
1318 1385 1561 1426 XXXIX.
1595 1385 1632 1425 O

41 1445 96 1485 dii
125 1445 394 1495 immortales,
418 1446 515 1501 quid
537 1446 615 1487 hoc
638 1447 859 1488 miserius?
921 1447 1020 1497 Nos,
1046 1449 1114 1503 qui
1139 1449 1189 1490 P.
1215 1449 1394 1490 Lentulo
1416 1451 1569 1491 ferrum
1591 1455 1634 1491 et

39 1510 249 1551 flammam
283 1511 333 1551 de
368 1511 558 1551 manibus
594 1511 860 1561 extorsimus,
902 1512 1120 1567 imperitae
1161 1513 1439 1555 multitudinis
1475 1515 1633 1569 judicio

40 1576 296 1625 confidimus,
328 1576 649 1617 lectissimorum
672 1576 822 1617 civium
854 1582 896 1617 et
917 1578 1266 1632 amplissimorum
1291 1580 1521 1620 sententias
1542 1595 1632 1635 per-

38 1641 306 1681 timescimus.
370 1641 446 1682 M'.
470 1641 701 1696 Aquillium
723 1646 863 1696 patres
894 1643 1027 1683 nostri
1063 1644 1205 1684 multis
1235 1645 1433 1685 avaritiae
1455 1645 1632 1686 crimini-

39 1706 118 1746 bus
157 1705 489 1761 testimoniisque
523 1706 769 1755 convictum,
806 1706 902 1761 quia
934 1721 1027 1747 eum
1062 1707 1248 1762 fugitivis
1278 1709 1443 1750 fortiter
1479 1711 1633 1751 bellum

37 1776 239 1825 gesserat,
259 1770 416 1825 judicio
448 1771 741 1812 liberaverunt.
803 1772 958 1812 Consul
984 1787 1062 1828 ego
1093 1788 1226 1828 nuper
1257 1773 1421 1814 defendi
1444 1775 1489 1816 O.
1514 1775 1633 1816 Piso-

38 1850 145 1884 nem,
176 1835 245 1890 qui
277 1836 372 1891 quia
403 1837 544 1878 consul
578 1836 700 1877 fortis
731 1840 1011 1891 constansque
1042 1838 1190 1888 fuerat,
1229 1838 1446 1880 incolumis
1478 1845 1542 1881 est
1573 1841 1633 1881 rei

14 1900 228 1955 'publicae
249 1906 528 1943 conservatus.
591 1901 772 1942 Defendi
798 1902 900 1943 item
921 1903 1064 1943 consul
1089 1903 1137 1944 L.
1163 1904 1399 1952 Murenam,
1423 1906 1633 1946 consulein

39 1965 314 2019 designatum.
378 1966 512 2006 Nemo
543 1966 706 2006 illorum
727 1967 917 2021 judicum
951 1968 1189 2009 clarissimis
1210 1969 1308 2010 viris
1338 1970 1633 2011 accusantibus

81 2073 211 2102 Etenim
235 2095 242 2102 .
262 2095 269 2102 .
288 2095 294 2102 .
319 2072 402 2111 eam]
453 2073 487 2102 F.
512 2072 568 2102 has
593 2075 600 2089 ‘
615 2073 731 2102 etenim
756 2074 812 2110 51;’
901 2076 953 2106 39.
978 2075 1045 2106 M'.
1070 2076 1267 2116 Aquillium]
1319 2077 1378 2107 His
1406 2081 1491 2117 story
1513 2079 1538 2108 is
1565 2079 1632 2109 told

37 2115 107 2150 but,
121 2126 153 2144 as
168 2115 340 2144 Lambinus
353 2125 434 2154 says,
453 2119 458 2130 ‘
472 2116 497 2144 si
512 2114 519 2128 ’
538 2116 632 2154 spoils
645 2116 699 2145 the
712 2126 812 2146 sense.

37 2158 107 2188 The
117 2159 254 2187 enemies
270 2158 305 2187 of
319 2158 446 2188 Flaccus
456 2168 536 2187 wcrc
552 2158 658 2197 trying
673 2163 705 2188 to
722 2158 813 2188 effect

37 2201 86 2230 his
102 2201 173 2230 ruin
190 2201 231 2240 by
248 2201 296 2230 his
322 2201 480 2239 ‘judices’
507 2200 577 2240 (per
600 2204 760 2230 senatores
781 2205 813 2230 et

856 2117 888 2146 in
905 2119 1038 2147 another
1054 2119 1142 2156 place
1161 2118 1198 2157 by
1218 2119 1326 2149 Cicero
1345 2119 1430 2160 (Vol.
1450 2121 1475 2150 Ι.
1494 2122 1583 2152 Verr.
1600 2123 1629 2152 ii.

858 2162 887 2189 5.
905 2170 931 2188 c.
954 2161 979 2195 l,
1005 2161 1066 2190 and
1092 2162 1121 2190 3.
1147 2171 1172 2190 0.
1191 2161 1527 2200 54).·‘convictum.'
1575 2165 1633 2195 Sec

857 2202 927 2231 Vol.
947 2202 973 2232 I.
991 2203 1062 2232 Act.
1084 2205 1110 2233 l.
1128 2214 1154 2233 e.
1171 2206 1202 2234 4.

37 2254 94 2284 per
112 2243 266 2283 equites):
292 2244 353 2273 and
377 2248 432 2273 not
455 2244 486 2273 in
510 2244 564 2273 the
588 2253 680 2273 name
704 2244 739 2272 of
758 2244 813 2273 the

36 2287 169 2326 people;
195 2286 436 2322 ι(1’01·1111100(1,”
460 2287 567 2316 Cicero
595 2297 675 2325 says,
704 2289 723 2303 ⁴⁴
738 2287 812 2325 they

35 2330 105 2359 well
132 2330 224 2359 know
247 2330 302 2359 the
326 2330 455 2369 opinion
480 2329 540 2359 and
568 2329 754 2369 disposition
781 2330 817 2358 of

36 2373 90 2402 the
115 2373 239 2402 Roman
266 2371 413 2411 people.''
461 2372 498 2402 In
527 2372 614 2411 place
645 2372 679 2401 of
701 2372 808 2401 ‘eam’

38 2415 214 2445 Gulielmus
241 2420 337 2445 wrote
364 2415 539 2451 ‘eandem‚’
573 2415 672 2444 which
705 2416 812 2444 Baiter

36 2462 179 2497 accepts;
203 2458 261 2488 but
284 2459 366 2497 why,
392 2459 406 2488 I
424 2459 516 2488 know
543 2462 608 2487 not.
656 2458 690 2487 F.
718 2459 810 2487 oniits

39 2501 150 2530 ‘eam.’
212 2501 370 2531 Victorius
405 2511 556 2541 proposes
594 2501 811 2540 ‘perspiciunt

31 2543 121 2582 jani,'
146 2553 165 2572 a
187 2544 281 2573 much
306 2544 408 2574 better
431 2544 631 2574 emendation
657 2544 733 2573 than
757 2544 811 2574 the

35 2586 138 2616 other.

79 2629 340 2668 disceptatorem]
390 2631 397 2645 ‘
410 2629 453 2659 As
469 2640 487 2659 a
499 2629 619 2669 judge.’
667 2629 724 2659 See
736 2630 807 2659 Vol.

36 2672 63 2702 I.
88 2672 177 2701 Verr.
203 2671 235 2700 ii.
264 2673 292 2702 3.
321 2682 347 2701 c.
373 2673 424 2707 72,
447 2676 531 2702 note.
579 2673 720 2711 ‘Populo
744 2673 808 2702 Ro-

34 2724 127 2744 mano
145 2714 352 2752 disceptatore
368 2715 414 2744 uti
430 2714 521 2751 1’010,’
541 2715 589 2745 De
601 2716 677 2754 ch.
695 2716 769 2755 Agr.
787 2716 806 2745 i.

35 2768 61 2787 c.
80 2759 109 2792 7.
127 2757 199 2786 Vol.
219 2757 263 2785 II.

78 2809 192 2838 operae
221 2799 417 2838 faeessanh]
754 2801 808 2830 the

34 2842 175 2880 working
192 2841 286 2871 men.'
342 2842 484 2880 ‘Operae
499 2842 506 2855 ’
533 2843 558 2872 is
585 2843 639 2874 the
664 2854 750 2874 same
773 2854 807 2874 as

35 2888 42 2902 ¹
55 2883 210 2924 operarii.'
259 2884 334 2923 (Pro
352 2884 448 2921 Sulla,
465 2896 491 2914 c.
510 2884 576 2925 2⁴.)

482 2802 488 2815 ‘
501 2799 597 2839 Away
637 2801 712 2830 with

905 2245 937 2274 C.
956 2246 1132 2285 Pismzmm]
1169 2246 1204 2276 C.
1222 2247 1411 2287 Calpurnius
1423 2249 1504 2285 Piso,
1522 2251 1631 2280 consul

859 2296 922 2316 13.c.
946 2288 996 2322 67.
1046 2289 1097 2318 Ηο
1121 2299 1182 2318 was
1209 2290 1263 2319 the
1290 2300 1444 2329 governor
1471 2293 1506 2321 of
1530 2293 1632 2323 Gallia

859 2330 1021 2360 Provincia
1049 2340 1113 2360 uc.
1141 2334 1192 2367 (56,
1219 2334 1269 2362 65.
1317 2334 1353 2363 C.
1384 2334 1489 2365 Julius
1517 2336 1631 2365 Caesar

857 2374 1043 2411 prosecuted
1068 2374 1132 2403 him
1149 2375 1198 2404 for
1214 2375 1420 2414 Repetundae
1443 2378 1504 2407 and
1521 2379 1630 2409 Cicero

855 2415 1009 2446 defended
1046 2417 1122 2446 him.
1184 2418 1292 2447 Cicero
1324 2418 1388 2459 (Ad
1420 2420 1487 2450 Att.
1519 2422 1540 2453 i.
1576 2422 1628 2461 13)

856 2468 956 2488 scenis
981 2463 1013 2488 to
1039 2470 1130 2488 mean
1155 2460 1218 2489 this
1240 2461 1321 2496 Piso,
1346 2463 1434 2492 when
1458 2464 1496 2493 110
1518 2465 1629 2503 speaks

855 2502 930 2530 with
957 2512 974 2531 a
999 2512 1088 2532 sneer
1112 2502 1148 2532 of
1166 2503 1221 2532 the
1252 2505 1453 2543 ‘pacificator
1482 2507 1629 2537 Allobro-

855 2543 954 2583 gu1n.’

898 2588 936 2616 J..
955 2588 1156 2627 Murenam]
1207 2588 1264 2618 See
1287 2589 1342 2619 the
1359 2589 1579 2621 Introduction
1595 2594 1628 2621 to

854 2630 907 2659 the
931 2631 1051 2660 oration
1070 2632 1129 2660 Pro
1154 2631 1299 2660 Murena.
1345 2632 1414 2661 Tho
1430 2638 1628 2672 prosecutors

854 2673 888 2702 of
901 2673 1037 2702 Murena
1049 2684 1128 2702 were
1146 2674 1209 2703 Ser.
1229 2675 1383 2713 Sulpicius
1399 2676 1459 2705 and
1478 2677 1522 2705 M.
1538 2677 1627 2706 Cato.

855 2716 887 2745 If
915 2716 1049 2745 Murena
1079 2717 1139 2745 had
1171 2716 1249 2746 been
1287 2718 1447 2747 convicted
1487 2720 1548 2748 and
1580 2720 1628 2748 his

853 2759 986 2788 eleemon
1002 2760 1076 2789 thus
1093 2760 1464 2791 311111111011,1110101101ιίιί
1482 2766 1537 2791 not
1550 2762 1628 2791 have

853 2802 932 2830 been
950 2806 1010 2831 two
1034 2803 1159 2831 consuls
1177 2807 1209 2832 to
1226 2807 1314 2832 enter
1329 2814 1368 2831 on
1386 2803 1468 2833 their
1483 2806 1570 2834 office
1587 2814 1628 2834 on

852 2844 907 2874 the
933 2846 1001 2875 first
1031 2845 1066 2875 of
1089 2845 1230 2885 January
1257 2846 1425 2885 following,
1455 2857 1489 2877 as
1519 2848 1628 2878 Cicero

852 2896 933 2927 58.γὸ-
