2002 3235
727 189 862 232 GAP.
896 191 962 242 43,
987 191 1056 232 44.
1612 195 1694 236 409

90 304 269 346 afflictae
305 303 492 346 civitatis
525 303 585 345 rei
616 303 808 359 publicae
841 304 986 361 spoliis
1021 303 1269 346 ornabitur?
1314 304 1418 346 haec
1455 304 1535 347 erit
1567 305 1609 346 in
1645 322 1695 348 eo

89 374 370 420 monumento,
394 370 506 425 quod
536 370 723 425 positum
753 375 820 412 est
840 376 889 412 ut
922 376 1035 412 esset
1070 370 1270 412 indicium
1304 370 1492 426 oppressi
1525 378 1697 413 senatus

89 436 144 476 ad
163 436 405 477 memoriam
437 436 737 491 sempiternam
770 437 1073 492 turpitudinis?
1135 436 1171 478 Ο
1197 436 1246 488 Q.
1267 436 1697 492 Catule—patremne

89 502 292 557 appellem
323 517 376 542 an
401 502 560 543 filium?
592 503 802 544 recentior
823 503 934 544 enim
964 503 1166 544 memoria
1196 502 1270 543 filii
1306 508 1371 544 est
1393 507 1437 544 et
1468 518 1564 544 cum
1595 504 1698 545 meis

89 568 212 608 rebus
234 567 368 623 gestis
389 568 936 623 conjunctior—tantumne
957 574 1002 610 te
1023 569 1181 618 fefellit,
1205 584 1333 624 quum
1354 568 1454 609 mihi
1472 584 1635 610 summa
1655 574 1699 610 et

90 633 278 689 quotidie
306 633 466 688 majora
488 633 676 689 praemia
705 633 747 674 in
768 649 812 675 re
844 634 1011 689 publica
1032 634 1121 675 fore
1142 635 1352 690 putabas?
1414 634 1614 690 Negabas
1635 635 1699 675 fas

91 712 182 739 esse
204 699 286 739 duo
308 699 500 740 consules
521 714 613 740 esse
639 699 681 740 in
709 699 788 741 hac
820 700 991 742 civitate
1020 700 1210 742 inimicos
1235 700 1295 741 rei
1321 700 1527 756 publicae.
1592 700 1700 741 Sunt

90 763 248 805 inventi
270 764 340 820 qui
361 770 556 807 senatum
586 765 756 806 tribuno
789 766 946 807 furenti
969 766 1245 807 constrictum
1277 766 1509 817 traderent,
1533 766 1602 821 qui
1624 781 1699 821 pro

90 844 157 870 me
189 834 335 885 patres
368 831 632 886 conscriptos
666 831 883 886 deprecari
916 837 960 874 et
990 832 1143 887 populo
1180 832 1388 887 supplices
1421 846 1513 873 esse
1550 831 1701 873 edictis

90 899 218 950 atque
246 895 419 950 imperio
442 901 649 946 vetarent,
688 897 838 952 quibus
869 897 1207 952 inspectantibus
1241 898 1389 938 domus
1423 912 1516 939 mea
1546 897 1700 939 distur-

89 961 277 1010 baretur,
316 960 576 1016 diriperetur,
621 961 691 1016 qui
733 962 910 1017 denique
950 963 1170 1004 ambustas
1205 963 1472 1004 fortunarum
1512 977 1701 1004 mearum

89 1025 288 1080 reliquias
339 1041 438 1067 suas
486 1026 633 1068 domos
685 1027 940 1083 comportari
988 1029 1200 1083 juberent.
1290 1028 1429 1069 Venio
1480 1043 1591 1069 nunc
1646 1029 1700 1069 ad

89 1095 266 1146 patrem.
329 1091 406 1142 Tu,
445 1092 495 1145 Q.
535 1092 698 1143 Catule,
737 1093 801 1135 M.
837 1093 977 1135 Fulvii
1014 1094 1195 1144 domum,
1233 1109 1360 1150 quum
1394 1094 1429 1136 is
1465 1095 1607 1136 fratris
1638 1095 1701 1136 tui

91 1172 211 1199 socer
242 1157 403 1207 fuisset,
438 1163 757 1199 monumentum
792 1163 960 1200 tuarum
990 1160 1281 1201 manubiarum
1318 1175 1409 1201 esse
1437 1159 1619 1209 voluisti,
1654 1165 1701 1202 ut

92 1225 196 1279 ejus,
226 1224 298 1279 qui
330 1224 563 1279 perniciosa
594 1224 653 1266 rei
685 1224 876 1280 publicae
909 1225 1082 1266 consilia
1103 1226 1296 1281 cepisset,
1334 1226 1468 1267 omnis
1499 1225 1701 1266 memoria

91 1289 281 1330 funditus
309 1304 361 1330 ex
395 1290 527 1331 oculis
558 1290 774 1331 hominum
805 1305 854 1332 ac
889 1292 1102 1332 mentibus
1124 1292 1355 1333 tolleretur.
1420 1292 1518 1333 Hoc
1550 1292 1585 1333 si
1608 1292 1700 1347 quis

93 1354 171 1395 tibi
198 1354 437 1396 aedificanti
464 1355 576 1396 illam
597 1355 807 1410 porticum
830 1356 1002 1405 diceret,
1035 1357 1124 1397 fore
1146 1361 1325 1412 tempus,
1352 1371 1480 1412 quum
1502 1356 1537 1397 is
1568 1357 1700 1398 tribu-

93 1435 171 1461 nus
196 1420 341 1475 plebis,
375 1420 445 1475 qui
482 1421 784 1463 auctoritatem
820 1426 1005 1470 senatus,
1039 1421 1245 1476 judicium
1279 1423 1483 1463 bonorum
1517 1422 1703 1463 omnium

93 1486 363 1541 neglexisset,
387 1492 507 1527 tuum
527 1491 844 1528 monumentum
864 1487 1102 1528 consulibus
1119 1502 1201 1528 non
1223 1488 1348 1528 modo
1367 1488 1701 1543 inspectantibus

92 1567 237 1592 verum
271 1552 570 1606 adjuvantibus
603 1548 875 1603 disturbaret,
918 1558 1139 1603 everteret,
1174 1553 1300 1608 idque
1332 1569 1426 1594 cum
1462 1554 1553 1608 ejus
1585 1553 1697 1604 civis,
1743 1581 1745 1583 ·

94 1617 164 1673 qui
196 1633 283 1659 rem
306 1618 519 1673 publicam
551 1633 603 1659 ex
625 1622 800 1659 senatus
834 1619 1092 1661 auctoritate
1115 1620 1261 1660 consul
1284 1619 1553 1670 defendisset,
1577 1619 1700 1660 domo

93 1683 383 1738 conjungeret,
408 1698 544 1724 nonne
567 1684 841 1740 responderes
862 1684 904 1725 id
926 1684 1005 1725 nisi
1032 1699 1176 1726 eversa
1204 1685 1376 1727 civitate
1406 1684 1596 1726 accidere
1617 1698 1701 1725 non

93 1749 248 1804 posse?

152 1814 328 1856 XLIV.
362 1814 426 1856 At
447 1814 585 1856 videte
606 1815 786 1856 hominis
811 1815 1116 1857 intolerabilem
1144 1815 1362 1858 audaciam
1384 1831 1478 1857 cum
1508 1816 1701 1871 projecta

94 1880 276 1936 quadam
308 1884 351 1922 et
387 1881 591 1922 effrenata
619 1881 864 1936 cupiditate.
929 1881 1257 1923 Monumentum
1290 1882 1370 1924 iste
1398 1897 1595 1937 umquam
1627 1886 1701 1923 aut

93 1946 337 2001 religionem
369 1946 493 1987 ullam
522 1947 807 2001 excogitavit?
868 1946 1078 1988 Habitare
1114 1947 1207 1988 laxe
1239 1953 1283 1989 et
1314 1947 1534 2003 magnifice
1555 1947 1697 1998 voluit,

95 2012 280 2067 duasque
311 2016 354 2052 et
375 2026 549 2066 magnas
578 2016 622 2053 et
652 2012 814 2053 nobiles
836 2013 981 2053 domos
1013 2014 1282 2069 conjungere.
1345 2014 1510 2054 Eodem
1541 2018 1700 2068 puncto

94 2077 311 2132 temporis,
335 2092 416 2132 quo
438 2091 555 2117 meus
582 2077 794 2118 discessus
816 2077 886 2118 isti
915 2093 1108 2119 caussam
1130 2079 1269 2119 caedis
1290 2078 1456 2134 eripuit,
1480 2093 1505 2118 a
1528 2079 1577 2130 Q.
1603 2077 1699 2119 Seio

96 2142 316 2184 contendit
337 2146 385 2183 ut
416 2141 495 2182 sibi
526 2142 695 2181 domum
716 2142 939 2184 venderet:
976 2157 1103 2197 quum
1135 2143 1202 2184 ille
1224 2144 1266 2184 id
1288 2134 1474 2199 negaret,
1499 2144 1633 2198 primo
1655 2158 1700 2184 se

94 2207 321 2249 luminibus
353 2207 444 2262 ejus
477 2221 569 2247 esse
603 2207 920 2247 obstructurum
951 2208 1206 2249 minabatur.
1267 2209 1523 2250 Affirmabat
1546 2208 1699 2249 Postu-

95 2288 188 2314 mus
209 2287 254 2314 se
270 2273 361 2314 vivo
383 2272 495 2313 illam
517 2272 686 2312 domum
706 2271 828 2313 istius
844 2286 1070 2327 numquam
1090 2272 1290 2315 futuram.
1352 2273 1521 2316 Acutus
1541 2273 1700 2314 adoles-

97 2424 171 2452 sunt
194 2421 227 2451 in
248 2420 340 2450 variis
360 2419 488 2460 templis
510 2418 599 2450 Jovis
623 2418 798 2449 Eleutherii
819 2428 875 2459 po-

96 2464 208 2495 nendis
220 2463 238 2477 ''
258 2463 391 2504 (Wolf).

142 2508 203 2537 duo
226 2507 384 2546 consules]
428 2506 486 2536 See
509 2506 617 2539 Quum
641 2505 783 2541 Senatui,
800 2514 826 2534 c.
845 2506 875 2540 4,

97 2551 160 2580 and
185 2550 241 2580 the
264 2552 404 2579 note.——‘
417 2549 518 2579 Venio
545 2558 630 2578 nunc
655 2549 694 2578 ad
721 2547 873 2588 patrcmz’

98 2594 173 2623 does
203 2603 264 2632 any
288 2592 372 2632 body
398 2592 518 2622 believe
547 2592 618 2621 that
645 2591 754 2621 Cicero
779 2594 876 2620 wrote

921 2417 1049 2448 devise!
1103 2418 1212 2449 Cicero
1244 2418 1308 2460 (Ad
1340 2420 1428 2450 Fam.
1457 2431 1487 2450 v.
1519 2419 1575 2461 20)
1607 2431 1695 2460 says:

922 2462 1064 2495 “Quum
1085 2472 1151 2492 rem
1175 2472 1193 2492 a
1216 2473 1266 2492 me
1282 2473 1345 2493 non
1367 2464 1553 2503 insipienter
1574 2464 1698 2503 excogi-

921 2508 1030 2541 tatam,
1053 2515 1093 2534 ne
1117 2506 1285 2544 cogitatam
1313 2507 1440 2545 quidem
1466 2506 1593 2546 putes.'’
1641 2507 1699 2536 See

920 2548 986 2577 also
1014 2548 1064 2577 Ad
1092 2548 1160 2577 Att.
1187 2549 1227 2578 ix.
1254 2550 1293 2585 6;
1319 2550 1455 2589 Philipp.
1480 2560 1510 2579 v,
1531 2553 1550 2579 5
1572 2550 1634 2579 and
1659 2551 1697 2585 63

920 2592 1048 2621 Tuscul.
1066 2592 1156 2630 Disp.
1168 2591 1186 2621 i.
1199 2593 1250 2621 25.
1276 2592 1450 2622 Lambinus
1467 2593 1608 2631 changed
1625 2596 1632 2609 ⁴
1644 2603 1698 2622 ex-

97 2637 184 2666 this?
230 2635 283 2665 All
305 2635 368 2665 this
384 2636 410 2665 is
427 2635 591 2664 miserable
613 2635 690 2664 stuff
710 2635 807 2665 about
822 2635 877 2664 the

98 2679 214 2715 Catuli,
230 2678 291 2707 and
308 2688 354 2708 we
369 2678 448 2708 have
463 2678 524 2707 had
540 2679 565 2707 it
580 2678 696 2707 before.

142 2725 232 2752 tuum
248 2723 485 2750 monumentum
497 2744 503 2750 .
522 2743 529 2750 .
545 2743 552 2750 .
566 2721 775 2755 disturbaret,
789 2730 874 2750 ever-

98 2765 207 2804 teret,]
255 2764 325 2793 The
345 2764 488 2802 building
504 2764 539 2793 of
560 2763 699 2800 Clodius,
717 2764 818 2793 which
835 2764 876 2793 he

97 2817 190 2847 urges
207 2807 261 2836 the
278 2807 446 2836 Pontifices
462 2810 495 2836 to
511 2807 577 2845 pull
593 2807 684 2836 down
703 2806 744 2843 (c.
763 2806 830 2847 39).

142 2852 194 2880 44.
220 2851 414 2888 excoqz’tavit
427 2849 458 2889 ?]
497 2849 667 2879 Markland
685 2859 754 2889 says
765 2850 834 2879 that
850 2849 875 2879 it

100 2893 213 2923 should
232 2892 271 2922 be
293 2895 300 2908 ‘
313 2891 481 2931 cogitavit,’
505 2891 553 2921 for
575 2892 749 2931 ‘cogitare'
772 2893 799 2922 is
823 2896 876 2923 ‘to

99 2936 191 2967 think
218 2934 338 2972 about,'
363 2935 425 2965 and
448 2934 665 2974 ‘excogitare’
692 2945 799 2966 means
821 2937 876 2967 ‘to

922 2635 1069 2673 cogitavit
1083 2634 1090 2647 ’
1106 2638 1140 2664 to
1163 2637 1170 2651 ‘
1182 2634 1352 2673 cogitavit,’
1369 2635 1428 2665 but
1444 2639 1451 2652 ‘
1463 2636 1530 2666 sine
1547 2635 1699 2665 librorum

919 2678 1126 2707 auctoritate!

964 2722 1137 2751 luminibus
1155 2742 1161 2749 .
1180 2742 1186 2749 .
1205 2743 1212 2749 .
1231 2720 1489 2760 obstructurum]
1551 2720 1609 2750 See
1644 2720 1699 2750 the

920 2768 995 2794 note
1022 2774 1063 2793 on
1091 2767 1098 2780 ‘
1111 2763 1298 2800 obstruere,’
1328 2764 1401 2794 Vol.
1428 2763 1455 2793 Ι.
1484 2764 1574 2793 Verr.
1603 2763 1635 2793 ii.
1666 2765 1698 2794 4.

921 2818 946 2838 c.
964 2808 1015 2837 36.

963 2850 1153 2889 Postumus]
1202 2849 1270 2880 The
1287 2859 1472 2890 cognomen,
1485 2859 1531 2880 we
1548 2851 1633 2880 must
1648 2859 1698 2880 as-

921 2903 1020 2931 sume,
1038 2893 1073 2924 of
1086 2894 1126 2927 Q.
1146 2893 1247 2923 Seius.
