2063 3242
235 197 320 236 442
479 194 658 237 ORAT.
693 193 775 235 DE
810 192 1237 236 HARUSPICUM
1271 191 1612 234 RESPONSIS

234 310 470 352 refutandis
505 309 740 351 maledictis
774 308 991 349 hominum
1027 308 1313 364 improborum
1347 306 1475 348 animi
1511 305 1682 362 quidam
1716 306 1848 358 dolor,

235 376 327 432 quis
350 391 432 416 non
453 376 718 431 ignosceret?
781 373 884 414 Vidi
905 373 1017 414 enim
1038 375 1238 415 hesterno
1261 374 1326 414 die
1349 373 1558 428 quendam
1588 386 1851 412 murmuran-

235 447 348 488 tem3
388 457 513 498 quem
548 442 720 482 aiebant
756 454 912 495 negare
948 439 1058 480 ferre
1095 454 1160 480 me
1196 454 1331 495 posse,
1371 438 1479 494 quia,
1518 452 1645 493 quum
1681 437 1735 478 ab
1772 437 1850 478 1100

236 508 384 549 eodem
424 506 705 562 impurissimo
746 505 957 560 parricida
997 519 1182 560 rogarer,
1219 506 1340 559 cujus
1381 519 1517 545 essem
1553 503 1750 554 civitatis,
1786 517 1850 544 re-

236 574 399 630 spondi,
430 587 508 623 me,
533 571 812 628 probantibus
845 576 888 611 et
921 570 1037 611 vobis
1068 576 1112 612 et
1143 571 1355 625 equitibus
1387 569 1602 619 Romanis,
1636 569 1728 623 ejus
1759 583 1850 610 esse

237 654 343 695 quae
379 653 521 679 carere
558 653 623 678 me
657 652 740 677 non
775 636 998 692 potuisset.
1064 635 1151 685 Ille,
1182 643 1231 677 ut
1262 636 1423 692 opinor,
1457 634 1674 689 ingemuit.
1739 633 1849 687 Quid

236 705 366 761 igitur
396 703 718 759 responderem?
749 717 905 758 quaero
931 717 984 743 ex
1017 717 1066 743 eo
1098 702 1202 757 ipso,
1228 702 1296 756 qui
1329 702 1437 743 ferre
1468 716 1534 742 me.
1565 716 1648 741 non
1680 705 1846 756 potest:

236 785 303 811 me
337 770 468 811 civem
503 784 594 809 esse
632 769 896 810 Romanum?
937 768 1126 809 litterate
1159 768 1472 824 respondissem
1508 782 1560 808 an
1595 766 1849 808 tacuissem?

237 837 449 877 desertum
485 835 716 890 negotium.
782 835 934 876 Potest
971 834 1194 890 quisquam
1231 834 1291 875 vir
1324 833 1365 874 in
1399 835 1524 874 rebus
1557 833 1723 887 magnis
1755 847 1849 873 cum

237 902 392 943 invidia
433 908 628 943 versatus
664 901 769 942 satis
797 901 984 956 graviter
1026 900 1068 941 in
1110 900 1265 941 inimici
1305 899 1602 941 contumeliam
1643 899 1733 940 sine
1773 913 1850 938 sua

236 969 360 1010 laude
382 968 636 1023 respondere
650 968 662 1007 ’ἓ
724 967 787 1007 At
819 967 908 1022 ipse
930 982 1014 1007 non
1045 967 1170 1008 modo
1192 967 1430 1022 respondet,
1456 965 1660 1022 quidquid
1691 970 1848 1020 potest,

237 1050 365 1091 quum
387 1040 454 1075 est
475 1034 708 1085 1300551105,
733 1033 806 1074 sed
829 1033 956 1074 etiam
977 1033 1135 1088 gaudet
1158 1047 1202 1073 se
1224 1034 1278 1073 ab
1299 1032 1446 1073 amicis
1468 1032 1567 1088 quid
1594 1031 1850 1086 respondeat

235 1100 467 1141 admoneri.

297 1166 385 1207 IX.
420 1165 515 1214 Sed,
540 1164 735 1220 qnoniam
768 1179 862 1205 mea
884 1179 1033 1206 caussa
1055 1164 1253 1220 expedita
1278 1169 1355 1214 est,
1381 1164 1597 1204 videamus
1618 1178 1728 1204 nunc
1749 1162 1849 1218 quid

236 1232 481 1287 haruspices
507 1231 665 1271 dicant.
729 1231 824 1286 Ego
847 1230 958 1272 0111111
980 1231 1116 1271 fateor
1147 1245 1214 1271 me
1245 1235 1289 1271 et
1310 1230 1600 1283 magnitudine
1623 1230 1779 1270 ostenti
1807 1234 1851 1270 et

234 1297 447 1354 gravitate
480 1297 668 1351 responsi
700 1302 744 1338 et
775 1311 858 1336 una
889 1302 1018 1351 atque
1050 1296 1265 1338 constanti
1298 1296 1569 1351 haruspicum
1595 1311 1697 1337 voce
1728 1295 1850 1336 vehe-

235 1368 399 1405 menter
436 1378 527 1404 esse
560 1370 833 1403 commotum.
898 1362 1048 1417 Neque
1080 1362 1114 1403 is
1151 1377 1244 1402 sum
1281 1361 1363 1417 qui,
1398 1362 1434 1402 si
1470 1362 1537 1402 cui
1571 1362 1680 1403 forte
1708 1361 1850 1402 videor

235 1429 328 1485 plus
365 1443 492 1484 quam
530 1429 659 1470 ceteri
694 1428 763 1483 qui
801 1443 934 1483 aeque
967 1434 1095 1484 atque
1129 1443 1208 1483 ego
1246 1432 1347 1469 sunt
1380 1428 1576 1483 occupati
1612 1427 1768 1469 versari
1809 1427 1850 1467 in

235 1495 375 1536 studio
398 1495 649 1543 litterarum,
674 1494 724 1535 iis
746 1493 930 1535 delecter
950 1500 1024 1536 aut
1047 1500 1145 1535 utar
1166 1493 1334 1534 omnino
1362 1493 1529 1542 litteris,
1552 1508 1659 1549 quae
1681 1499 1851 1534 nostros

235 1561 398 1602 animos
431 1561 650 1602 deterrent
685 1565 816 1615 atque
852 1565 1032 1602 avocant
1068 1575 1093 1601 a
1129 1560 1342 1615 religione.
1406 1559 1502 1615 Ego
1541 1574 1635 1600 vero
1672 1559 1850 1614 primum

235 1627 370 1668 habeo
403 1634 599 1668 auctores
632 1641 681 1667 ac
717 1626 945 1681 magistros
978 1625 1227 1681 religionum
1260 1625 1530 1666 colendarum
1565 1625 1746 1679 majores
1778 1639 1850 1665 no-

235 1699 374 1741 str0s;
410 1707 588 1748 quorum
610 1692 711 1732 mihi
734 1697 856 1734 tanta
868 1692 996 1732 fuisse
1018 1691 1226 1747 sapientia
1247 1691 1425 1741 videtur,
1443 1696 1491 1732 ut
1513 1690 1618 1731 satis
1640 1705 1851 1748 superque

234 1760 466 1814 prudentes
506 1758 592 1800 sint
632 1758 702 1813 qui
745 1758 910 1798 illorum
950 1758 1233 1812 prudentiam,
1267 1772 1351 1798 non
1389 1756 1527 1798 dicam
1563 1756 1740 1811 assequi,
1775 1756 1851 1797 sed

269 1913 368 1952 serre
394 1923 444 1943 me
466 1913 587 1952 posse]
639 1913 735 1943 Halm
764 1913 868 1943 writes
900 1912 1016 1947 ‘ferri‚'
1666 1911 1761 1941 Some
1784 1911 1851 1942 edi-

236 1957 298 1986 and
328 1957 434 1986 Baiter
458 1956 579 1986 follows
606 1957 683 1986 him.
734 1957 804 1986 The
829 1956 913 1986 word
942 1955 1015 1985 ‘se’

1063 1913 1138 1952 only
1161 1913 1316 1952 tolerably
1340 1912 1445 1943 well’'
1471 1911 1612 1952 (Klotz).

1063 1957 1147 1986 110115
1178 1957 1257 1986 113νο
1287 1957 1342 1987 1110
1369 1966 1501 1996 passage
1525 1956 1624 1985 thus:
1659 1958 1678 1972 “
1694 1955 1851 1985 Litterate

237 2010 338 2030 seems
369 2003 402 2029 to
433 1999 473 2029 be
503 1999 637 2030 wanted.
684 1999 852 2029 Manutius
880 1999 1018 2029 mistook

236 2044 292 2073 the
320 2043 468 2080 meaning
496 2043 532 2072 of
560 2042 744 2076 ‘litterate,'
775 2043 878 2073 which
909 2053 1018 2073 means

237 2086 384 2125 literaliy,
403 2086 427 2115 if
440 2086 464 2115 it
482 2096 590 2116 means
606 2097 667 2125 any
684 2086 785 2125 thing.
833 2087 899 2116 But
915 2086 978 2116 this
994 2087 1020 2116 is

237 2134 294 2159 not
312 2129 451 2160 Cicero's
475 2139 531 2159 use
556 2130 591 2159 of
611 2130 664 2159 the
685 2130 789 2160 word:
816 2133 835 2146 ‘⁴
851 2130 888 2160 L.
908 2130 1020 2159 Furius

238 2173 348 2203 Philus
371 2172 510 2212 perbene
527 2173 642 2203 Latine
665 2173 752 2213 loqui
777 2173 949 2212 putabatur
969 2174 1020 2203 lit-

237 2218 432 2256 teratiusque
454 2226 548 2256 quam
572 2217 667 2246 ceteri
681 2216 701 2229 ”
727 2216 873 2256 (Brutus,
897 2228 923 2247 0.
941 2218 1020 2256 28);

237 2260 299 2289 and
318 2264 337 2276 “
352 2260 552 2299 antiquitatis
576 2265 704 2290 nostrae
720 2265 753 2290 et
769 2261 800 2290 in
817 2260 955 2290 inventis
971 2270 1021 2290 re-

237 2302 296 2332 bus
313 2306 345 2332 et
359 2303 392 2332 in
408 2303 486 2332 actis
506 2303 760 2343 scriptorumque
775 2308 919 2334 veterum
936 2304 1021 2333 litte-

237 2350 304 2376 rate
320 2345 470 2385 peritus’⁷
490 2346 635 2385 (Brutus,
653 2358 679 2377 c.
698 2348 754 2386 56)
771 2359 777 2377 z
796 2348 877 2378 “ein
890 2347 1023 2377 Kenner

237 2399 294 2419 aus
321 2390 381 2418 den
406 2389 577 2424 Quellen‚'’
605 2400 639 2419 as
666 2390 779 2430 Meyer
799 2391 968 2420 translates
984 2391 1020 2420 it.

237 2436 246 2450 ⁴
259 2433 430 2462 Desertum
452 2433 614 2471 negotium
628 2432 635 2445 '
653 2443 724 2471 may
741 2433 781 2463 be
797 2434 964 2473 explained
981 2433 1021 2473 by

239 2476 427 2505 ‘tacuissem
440 2475 463 2505 ?’
512 2478 531 2491 ‘⁶
551 2476 672 2505 should
704 2476 719 2505 1
752 2476 831 2506 have
862 2477 1021 2506 answered

237 2519 374 2558 literally
390 2528 425 2548 or
448 2518 561 2548 should
581 2519 593 2548 Ι
612 2519 692 2548 113νο
716 2520 781 2549 said
798 2520 957 2559 nothing?
1005 2520 1020 2549 I

238 2562 353 2592 should
379 2562 458 2591 have
481 2562 561 2592 been
585 2562 691 2601 giving
714 2573 757 2602 up
773 2563 828 2592 the
847 2573 927 2597 0350,
946 2573 982 2592 or
997 2563 1021 2592 it

238 2606 342 2635 would
366 2605 444 2635 have
461 2605 540 2635 been
557 2615 575 2634 a
592 2605 651 2634 bad
671 2616 742 2635 case
758 2606 859 2636 either
875 2605 1022 2645 way.”—

240 2649 329 2684 ‘Ille‚
356 2654 392 2678 ut
418 2649 540 2685 opinor,
565 2648 743 2687 ingemuit.'
794 2650 861 2679 Not
878 2648 1018 2685 Clodius,

238 2703 308 2732 says
334 2692 511 2727 Manutius,
538 2692 594 2721 but
618 2692 674 2721 the
699 2692 847 2731 ‘quidam
876 2702 1018 2722 murmu-

236 2735 334 2766 rans.’
381 2736 423 2765 So
446 2736 471 2764 it
494 2739 580 2764 must
602 2735 660 2769 be;
684 2735 746 2764 and
772 2735 878 2774 ‘ipse'
903 2736 969 2764 also
993 2735 1019 2764 is

237 2780 293 2809 the
311 2782 317 2796 ‘
332 2779 460 2819 quidam
487 2789 687 2808 murmurans
701 2777 720 2814 ς’
744 2779 805 2808 and
823 2788 857 2808 so
881 2778 936 2807 the
953 2778 1023 2818 silly

237 2827 322 2862 story
343 2823 420 2852 ends
436 2822 512 2851 with
530 2822 594 2851 this
610 2822 764 2861 pointless
780 2822 915 2856 remark,
931 2825 1022 2860 ‘gau-

238 2866 291 2895 det
308 2877 340 2896 se
356 2866 395 2895 ab
412 2866 520 2895 amicis
538 2865 611 2905 quid
629 2865 819 2905 respondeat
835 2864 1021 2894 admoneri!

238 2912 258 2926 “
273 2910 359 2939 Here
375 2909 441 2939 also
458 2919 518 2939 one
533 2909 596 2938 will
615 2908 766 2948 certainly
782 2908 946 2947 recognize
967 2908 1021 2937 the

237 2953 373 2992 genuine
390 2952 501 2983 Cicero
526 2956 559 2983 at
580 2962 669 2989 once,
694 2951 722 2982 if
745 2962 805 2982 one
825 2952 935 2982 knows
954 2951 1020 2981 him

1063 2001 1308 2039 respondissem.
1354 2000 1563 2030 Tacuissem?
1607 1999 1777 2029 Desertum
1795 2009 1850 2029 ne-

1063 2044 1319 2083 gotium.”—‘in
1336 2042 1477 2077 inimici.’
1498 2043 1614 2079 Baiter,
1633 2045 1640 2058 ‘
1653 2041 1794 2078 inimici‚’
1812 2042 1848 2073 C.

1109 2090 1139 2118 9.
1157 2088 1381 2127 maqnituclz'ne
1398 2089 1514 2117 essenti
1532 2089 1562 2116 et
1573 2085 1752 2125 qravitate]
1772 2086 1849 2116 This

1066 2130 1198 2170 chapter
1218 2131 1244 2160 is
1263 2131 1415 2160 intended
1438 2135 1471 2160 to
1496 2129 1534 2159 be
1551 2140 1624 2169 very
1641 2129 1775 2166 solemn,
1792 2129 1850 2159 but

1066 2174 1091 2204 it
1121 2175 1146 2204 is
1178 2185 1266 2204 more
1296 2175 1392 2214 likely
1423 2179 1457 2203 to
1490 2174 1571 2203 raise
1602 2183 1620 2203 a
1650 2173 1751 2203 smile.
1809 2173 1850 2202 So

1067 2218 1228 2258 strangely
1252 2228 1305 2248 are
1329 2218 1384 2248 the
1409 2217 1541 2247 comical
1564 2216 1625 2246 and
1650 2217 1706 2246 the
1731 2216 1850 2246 serious

1066 2261 1214 2291 blended.
1271 2262 1310 2291 In
1348 2272 1366 2291 a
1396 2271 1469 2300 very
1508 2260 1663 2290 awkward
1702 2262 1850 2290 sentence

1068 2304 1199 2345 (Neque
1225 2305 1251 2335 is
1277 2304 1362 2344 sum)
1392 2305 1431 2334 he
1456 2304 1526 2334 tells
1551 2314 1587 2333 us
1610 2304 1680 2333 that
1704 2303 1743 2332 he
1763 2303 1789 2332 is
1808 2313 1849 2333 110

1068 2348 1169 2378 friend
1186 2352 1219 2378 to
1238 2348 1315 2379 such
1332 2348 1432 2378 books
1444 2358 1478 2378 as
1490 2358 1543 2377 are
1560 2347 1684 2386 against
1698 2346 1849 2386 religion;

1067 2391 1110 2431 by
1137 2392 1240 2422 which
1271 2392 1311 2421 he
1342 2401 1451 2421 means
1482 2391 1537 2420 the
1561 2390 1703 2429 writings
1734 2390 1770 2419 of
1796 2389 1850 2419 the

1068 2435 1246 2474 Epicurean
1270 2434 1379 2465 school
1403 2434 1505 2464 which
1528 2434 1676 2464 attacked
1699 2433 1850 2473 supersti-

1068 2478 1146 2508 tion.

1077 2563 1265 2593 “Humana
1296 2564 1371 2592 ante
1402 2561 1512 2592 oeulos
1538 2561 1631 2592 foede
1662 2571 1762 2602 quum
1786 2561 1850 2591 vita

1150 2606 1271 2645 jaceret

1110 2649 1149 2679 In
1167 2649 1258 2678 terris
1274 2658 1426 2688 oppressa
1441 2648 1527 2687 gravi
1545 2648 1603 2678 sub
1620 2648 1781 2687 religione,

1110 2692 1200 2725 Quae
1217 2696 1312 2731 caput
1328 2702 1345 2722 e
1361 2692 1438 2722 caeli
1461 2691 1641 2731 regionibus
1657 2690 1844 2721 ostendebat

1112 2735 1265 2765 Horribili
1292 2745 1387 2775 super
1411 2735 1566 2774 adspectu
1590 2735 1778 2765 mortalibus
1800 2734 1847 2763 in-

1155 2783 1254 2814 stans,

1112 2822 1253 2851 Primum
1286 2822 1400 2852 Graius
1430 2821 1528 2852 homo
1558 2821 1708 2852 mortales
1737 2820 1847 2851 tollere

1155 2871 1266 2895 contra

1111 2908 1170 2938 Est
1204 2909 1312 2939 oculos
1344 2919 1450 2947 ausus,
1476 2908 1662 2948 primusque
1695 2906 1846 2937 obsistere

1241 2951 1387 2983 contra.⁷'
1534 2951 1678 2992 (Lucret.
1695 2951 1715 2981 i.
1733 2948 1801 2989 62.)
