2063 3242
246 162 330 203 248
550 158 729 201 ORAT.
763 157 884 200 PRO
919 158 968 200 L.
993 156 1274 200 VALERIO
1309 156 1548 200 FLACCO

245 290 343 317 vero
372 274 470 330 quid
499 276 593 317 est?
655 274 756 315 Una
786 274 964 321 sedent3
1000 288 1051 315 ex
1083 277 1376 315 accusatorum
1407 272 1615 314 subselliis
1645 274 1850 327 surgunt;

244 355 329 381 non
351 340 615 381 dissimulant
633 357 644 387 ς
678 355 761 380 11011
779 344 989 380 verentur.
1033 339 1100 379 De
1121 339 1328 380 subselliis
1350 340 1531 394 queror?
1552 353 1635 379 una
1656 353 1707 379 ex
1731 338 1855 378 domo

244 406 482 461 prodeunt:
531 406 565 446 si
598 406 724 446 verbo
759 404 1050 454 titubaverint,
1084 419 1166 460 quo
1202 409 1469 446 revertantur
1507 419 1592 444 non
1622 403 1853 444 habebunt.

243 472 312 511 An
335 471 554 527 quisquam
576 486 669 512 esse
690 470 814 511 testis
834 474 977 525 potest
999 485 1122 525 quem
1143 476 1366 512 accusator
1387 470 1475 511 sine
1499 484 1599 510 cura
1620 469 1855 522 interroget

244 551 321 577 nec
357 541 522 578 metuat
554 551 605 576 ne
642 535 722 576 sibi
755 535 910 590 aliquid
934 536 1046 591 quod
1077 535 1166 590 ipse
1198 536 1303 577 nolit
1334 536 1615 591 respondeat?
1679 533 1766 574 Ubi
1789 538 1856 575 est

244 602 375 658 igitur
396 602 465 643 illa
486 602 577 642 laus
599 600 792 651 oratoris,
816 615 922 656 quae
944 600 1008 641 vel
1029 600 1071 641 in
1092 605 1341 642 accusatore
1372 606 1498 642 antea
1519 600 1583 642 vel
1610 600 1651 640 in
1673 603 1854 655 patrono

244 668 428 724 spectari
460 668 622 708 solebat
639 666 830 708 2—Bene
861 671 1016 707 testem
1042 666 1345 721 interrogavit:
1381 666 1530 707 callide
1557 665 1758 707 accessit:
1792 679 1855 706 re-

244 733 494 788 prehendit:
539 748 621 788 quo
653 732 785 773 voluit
816 731 1020 773 adduxit:
1066 731 1249 773 convicit
1285 737 1329 774 et
1363 732 1571 787 elinguem
1599 730 1856 772 reddidit.—

246 798 356 851 Quid
382 804 428 841 tu
460 799 588 840 istum
620 813 755 853 roges,
783 797 912 847 Laeli,
947 797 1017 852 qui
1048 797 1291 853 priusquam
1323 798 1416 849 hoc,
1442 798 1502 839 Te
1533 812 1649 853 rogo,
1684 796 1852 846 dixeris,

243 865 363 920 plura
391 865 520 906 etiam
551 864 737 905 effundet
760 878 886 919 quam
917 868 965 905 tu
997 863 1035 904 ei
1067 863 1179 904 domi
1210 868 1308 904 ante
1336 863 1684 920 praescripseris?
1746 861 1854 915 Quid

244 945 323 986 ego
351 936 494 972 autem
529 930 723 971 defensor
756 930 928 984 rogem?
991 928 1100 969 Nam
1131 932 1206 969 aut
1236 929 1372 971 oratio
1400 929 1575 972 testium
1596 929 1725 971 refelli
1747 928 1856 969 solet

243 1000 319 1037 aut
341 996 427 1037 vita
448 995 568 1036 laedi.
632 995 725 1047 Qua
747 994 1034 1050 disputatione
1063 994 1294 1036 orationem
1323 995 1508 1036 refellam
1534 996 1625 1051 ejus
1647 994 1716 1050 qui
1739 994 1854 1044 dicit,

246 1062 463 1110 Dedimus,
487 1061 588 1102 nihil
622 1060 827 1116 amplius?
890 1060 940 1100 In
972 1060 1182 1101 hominem
1220 1061 1443 1102 dicendum
1477 1066 1542 1102 est
1573 1061 1703 1117 igitur
1728 1074 1855 1116 quum

244 1127 380 1168 oratio
397 1126 811 1182 argumentationem
824 1140 908 1165 non
930 1126 1072 1167 habet.
1137 1126 1247 1179 Quid
1270 1127 1407 1168 dicam
1428 1127 1469 1167 in
1492 1127 1713 1182 ignotum?
1746 1126 1856 1178 Que-

243 1193 420 1235 rendum
442 1198 508 1234 est
530 1207 630 1248 ergo
653 1197 696 1233 et
718 1191 1032 1246 deplorandum,
1057 1191 1099 1232 id
1122 1193 1232 1247 quod
1249 1193 1499 1247 jamdudum
1525 1193 1647 1241 facio,
1671 1192 1722 1233 de
1744 1190 1857 1232 omni

242 1257 525 1299 accusationis
547 1256 794 1311 iniquitate:
831 1255 1011 1311 primum
1033 1256 1084 1297 de
1106 1257 1316 1298 communi
1337 1273 1492 1312 genere
1514 1258 1689 1300 testium
1708 1275 1718 1305 ;
1755 1256 1858 1298 dicit

244 1324 354 1364 enim
386 1323 500 1363 natio
532 1322 702 1362 minime
733 1321 775 1361 in
806 1321 1062 1362 testimoniis
1093 1322 1281 1363 dicendis
1311 1323 1517 1377 religiosa.
1582 1323 1762 1378 Propius
1788 1337 1857 1363 ac-

243 1390 346 1430 cedo
366 1406 374 1430 :
409 1403 516 1442 nego
539 1402 631 1428 esse
654 1386 736 1428 ista
757 1386 1015 1436 testimonia,
1040 1402 1147 1442 quae
1170 1392 1217 1429 tu
1240 1387 1329 1443 ipse
1347 1388 1633 1444 psephismata
1654 1388 1854 1444 appellas,

243 1455 317 1496 sed
339 1453 553 1495 fremitum
575 1452 802 1509 egentium,
832 1456 876 1493 et
896 1457 1059 1493 motum
1081 1453 1289 1508 quendam
1321 1454 1592 1495 temerarium
1624 1454 1857 1495 Graeculae

243 1520 468 1562 contionis.
524 1519 700 1560 Intrabo
723 1518 852 1560 etiam
875 1518 1025 1573 magis.
1079 1519 1160 1570 Qui
1183 1519 1316 1575 gessit
1337 1535 1419 1560 non
1441 1520 1561 1561 adest
1580 1537 1588 1561 ;
1623 1520 1692 1575 qui
1714 1535 1857 1561 nume-

243 1601 359 1627 rasse
383 1585 536 1627 dicitur
557 1599 641 1625 non
663 1588 729 1625 est
752 1584 983 1625 deductus:
1015 1584 1203 1639 privatae
1220 1585 1387 1627 litterae
1403 1586 1541 1627 nullae
1562 1587 1852 1641 proferuntur:

244 1651 437 1706 publicae
470 1654 662 1691 retentae
696 1654 796 1691 sunt
829 1650 870 1689 in
904 1654 1202 1691 accusatorum
1238 1656 1478 1706 potestate:
1525 1666 1688 1692 summa
1721 1655 1787 1693 est
1814 1651 1856 1692 in

243 1716 455 1758 testibus:
496 1716 538 1756 hi
559 1716 706 1757 vivunt
733 1730 828 1756 cum
858 1715 1049 1764 inimicis,
1072 1716 1230 1757 adsunt
1255 1731 1348 1757 cum
1377 1717 1638 1766 adversariis,
1661 1717 1856 1757 habitant

245 1797 341 1822 cum
371 1781 700 1822 accusatoribus.
764 1781 925 1822 Utrum
955 1780 1022 1821 hic
1054 1781 1226 1822 tandem
1257 1781 1609 1838 disceptationem
1641 1786 1683 1823 et
1716 1781 1857 1836 cogni-

244 1847 404 1888 tionem
438 1846 629 1887 veritatis
664 1861 718 1886 an
751 1845 1017 1886 innocentiae
1057 1845 1194 1886 labem
1234 1847 1415 1903 aliquam
1456 1852 1531 1889 aut
1571 1847 1734 1888 ruinam
1768 1847 1857 1887 fore

289 1956 497 1996 reprehendit
508 1956 535 1995 :]
563 1956 668 1986 These
684 1956 844 1985 witnesses
860 1965 940 1985 were
956 1965 1027 1995 pre-

1074 1957 1248 1987 luminibus
1264 1960 1417 1987 ornentur
1429 1957 1448 1971 '’
1475 1956 1542 1998 (De
1558 1957 1614 1988 Or.
1631 1957 1664 1987 ii.
1682 1968 1709 1987 c.
1727 1957 1794 1997 27).

246 2000 353 2040 pared.
400 2000 503 2029 There
519 2010 581 2029 was
598 1999 733 2038 nothing
749 1999 781 2029 in
797 1999 853 2028 the
869 1999 1028 2029 examina-

1120 2001 1249 2031 Plautus
1262 2001 1404 2041 explains
1419 2004 1426 2017 ‘
1435 2001 1666 2041 reprehendere
1675 2000 1682 2013 ’
1694 2001 1856 2042 (Trinum.

246 2044 315 2074 tion
340 2043 381 2083 by
398 2043 499 2072 which
525 2043 626 2072 either
646 2043 701 2072 the
722 2045 907 2082 prosecutor
923 2052 958 2072 or
973 2043 1029 2072 the

247 2085 447 2117 defendant's
473 2087 623 2116 advocate
640 2085 824 2126 (patronus)
842 2085 934 2115 could
956 2086 1029 2125 gain

247 2141 310 2170 any
337 2130 445 2160 credit.
491 2130 561 2160 The
592 2140 665 2160 men
695 2129 757 2159 had
788 2129 917 2159 learned
946 2129 1031 2159 their

247 2174 352 2204 lesson
369 2173 430 2203 and
446 2173 509 2202 had
525 2173 600 2213 only
616 2176 649 2203 to
666 2176 774 2212 repeat
790 2173 824 2202 it.

291 2217 370 2246 This
386 2227 448 2246 was
473 2217 527 2246 the
551 2217 643 2246 usual
665 2217 732 2246 talk
755 2216 788 2246 in
810 2218 919 2246 court:
946 2218 965 2232 ‘¹
980 2216 1031 2246 He

249 2260 415 2289 examined
438 2260 493 2289 the
517 2260 645 2290 witness
669 2260 760 2296 well3
796 2259 836 2289 he
864 2259 956 2289 made
982 2260 1031 2289 his

249 2303 410 2342 approach
433 2306 466 2331 to
486 2303 551 2332 him
572 2303 727 2342 cleverly;
751 2303 791 2332 he
810 2302 949 2342 brought
964 2303 1030 2332 him

251 2346 331 2376 back
349 2344 455 2385 (when
471 2346 511 2375 he
527 2356 589 2375 was
606 2346 701 2385 going
716 2349 770 2375 too
786 2346 857 2381 fast,
879 2356 915 2376 or
937 2346 1032 2385 going

250 2389 306 2419 the
332 2398 441 2427 wrong
465 2389 567 2428 way);
592 2389 632 2418 he
659 2389 798 2428 brought
822 2389 889 2418 him
916 2392 950 2419 to
975 2389 1031 2419 the

252 2432 342 2472 point
367 2431 437 2461 that
465 2431 503 2461 he
530 2431 668 2468 wished;
692 2432 732 2461 he
753 2432 845 2461 made
867 2432 933 2461 him
955 2442 1030 2461 con-

251 2475 367 2505 tradict
396 2474 526 2504 himself
559 2474 622 2503 and
660 2474 766 2504 struck
800 2475 865 2504 him
897 2473 1031 2504 dumb.''

252 2519 356 2548 These
383 2527 456 2547 men
488 2517 579 2546 knew
609 2517 664 2547 the
695 2527 761 2556 way
786 2521 820 2546 to
845 2518 989 2547 examine
1014 2527 1032 2547 a

253 2561 381 2591 witness
395 2573 402 2597 ;
427 2561 502 2600 they
519 2560 579 2589 had
600 2560 709 2599 plenty
726 2560 761 2589 of
774 2561 919 2599 practice.
967 2560 1032 2590 But

253 2608 287 2634 to
303 2604 448 2635 examine
463 2614 481 2633 a
494 2603 621 2633 witness
638 2603 706 2632 well
730 2603 756 2632 is
779 2613 797 2632 a
820 2604 912 2642 thing
930 2603 1000 2633 that
1014 2614 1033 2633 a

253 2658 327 2687 very
345 2657 493 2677 common
515 2657 589 2676 man
611 2657 682 2685 may
700 2646 757 2675 do:
785 2648 805 2662 ‘⁴
820 2646 967 2684 Longum
985 2649 1033 2676 est

253 2691 338 2721 enim
364 2700 449 2720 nunc
476 2700 526 2719 me
556 2690 711 2728 explicare
739 2699 801 2728 qua
827 2690 948 2719 ratione
978 2692 1033 2719 aut

254 2735 441 2764 confirmare
473 2737 528 2763 aut
565 2733 725 2762 infirmare
759 2735 865 2765 testes,
897 2732 1031 2769 tabulas,

254 2777 454 2817 quaestiones
470 2778 624 2816 oporteat.
669 2776 756 2805 Haec
773 2778 847 2804 sunt
863 2775 969 2804 omnia
984 2775 1033 2804 in-

254 2821 337 2859 genii
368 2820 418 2850 vel
449 2819 624 2854 mediocris,
659 2818 889 2848 exercitationis
926 2821 1033 2848 autem

254 2863 410 2893 maximae
424 2875 431 2893 ε
456 2866 556 2892 artem
573 2862 700 2902 quidem
720 2865 752 2891 et
768 2864 936 2901 praecepta
951 2861 1032 2891 dun-

253 2909 340 2936 taxat
365 2907 517 2937 hactenus
541 2905 706 2946 requirunt
732 2907 768 2935 ut
792 2904 884 2934 certis
908 2904 1033 2935 dicendi

1074 2044 1118 2074 iii.
1140 2045 1166 2081 1,
1184 2044 1241 2085 23)
1256 2056 1262 2074 ι

1249 2107 1268 2121 “
1284 2122 1370 2126 --
1387 2104 1480 2135 celeri
1496 2105 1595 2143 gradu

1076 2146 1158 2177 Sunt
1163 2150 1319 2230 Iugfifflue:
1334 2148 1396 2179 illic
1408 2148 1610 2188 reprehendit
1621 2148 1707 2178 hunc
1718 2147 1857 2187 priorem

1120 2260 1224 2289 oratio
1243 2282 1250 2289 .
1270 2282 1277 2289 .
1297 2281 1304 2289 .
1321 2259 1403 2299 vita]
1453 2259 1483 2289 A
1498 2259 1626 2289 witness
1650 2261 1735 2288 must
1756 2258 1857 2288 either

1076 2301 1116 2332 be
1141 2303 1412 2332 cross-examined
1436 2312 1478 2332 on
1494 2302 1578 2331 what
1602 2302 1642 2331 he
1663 2302 1719 2331 has
1741 2302 1807 2331 said
1823 2302 1855 2331 in

1076 2345 1125 2375 his
1141 2345 1228 2375 chief
1240 2346 1463 2380 examination‚
1481 2355 1516 2375 or
1532 2345 1580 2375 his
1593 2345 1754 2374 character
1770 2348 1857 2375 must

1076 2388 1116 2418 be
1139 2388 1301 2427 damaged.
1350 2388 1547 2424 ‘Dedimus,'
1571 2398 1617 2417 we
1639 2397 1717 2426 gave
1740 2398 1856 2428 money

1075 2434 1109 2461 to
1128 2430 1268 2461 Flaccus.
1300 2431 1378 2461 This
1395 2431 1420 2461 is
1436 2431 1479 2460 all
1495 2431 1565 2460 that
1580 2430 1620 2460 he
1636 2440 1716 2470 says.
1755 2431 1855 2461 Whe-

1076 2474 1148 2503 ther
1172 2474 1212 2503 he
1238 2484 1300 2503 was
1324 2475 1412 2513 lying
1436 2484 1471 2503 or
1490 2474 1601 2513 telling
1625 2474 1680 2503 the
1701 2474 1798 2511 truth,
1815 2474 1856 2504 he

1076 2527 1139 2547 was
1154 2527 1172 2546 a
1188 2517 1269 2555 good
1286 2517 1412 2547 witness
1436 2517 1483 2547 for
1507 2517 1643 2556 sticking
1655 2520 1688 2546 to
1704 2517 1759 2547 the
1774 2520 1856 2547 mat-

1076 2564 1134 2590 ter.
1181 2560 1246 2590 But
1269 2560 1310 2590 he
1334 2560 1436 2598 might
1466 2560 1506 2590 be
1532 2560 1639 2596 asked,
1667 2561 1738 2590 who
1765 2571 1854 2600 gave,

1077 2603 1190 2639 where,
1216 2603 1319 2640 when,
1347 2603 1409 2633 and
1436 2614 1470 2633 so
1498 2604 1601 2639 f‹n·tl1;
1627 2604 1686 2633 and
1715 2604 1747 2634 in
1772 2604 1857 2633 what

1077 2646 1146 2676 coin
1162 2647 1173 2675 ?
1220 2646 1271 2676 He
1288 2656 1392 2676 comes
1409 2651 1441 2677 to
1458 2647 1521 2676 this
1545 2647 1726 2676 afterwards
1737 2670 1743 2676 .
1772 2651 1779 2663 ⁴
1793 2647 1856 2680 Qui

1078 2689 1175 2728 gessit
1191 2699 1255 2718 non
1276 2690 1365 2719 adest
1376 2690 1396 2719 z'
1421 2701 1467 2720 we
1480 2691 1558 2719 have
1571 2693 1627 2719 not
1642 2693 1696 2729 got
1712 2690 1767 2720 the
1782 2700 1856 2720 man

1078 2732 1148 2762 who
1166 2733 1318 2771 managed
1336 2733 1390 2763 the
1407 2733 1550 2763 business
1565 2745 1572 2770 ;
1599 2736 1617 2749 ‘⁴
1629 2733 1683 2763 the
1700 2743 1773 2763 man
1785 2733 1856 2763 who

1078 2775 1104 2805 is
1128 2775 1194 2804 said
1217 2779 1250 2805 to
1274 2776 1352 2805 have
1373 2777 1446 2815 paid
1467 2777 1522 2806 the
1538 2786 1653 2815 money
1669 2776 1694 2805 is
1712 2780 1768 2807 not
1784 2786 1855 2816 pro-

1078 2817 1213 2848 duced.”
1262 2819 1296 2849 If
1318 2819 1447 2850 Flaccus
1468 2830 1531 2849 was
1554 2820 1664 2859 guilty,
1688 2819 1727 2849 he
1751 2819 1856 2849 would

1078 2861 1151 2891 take
1167 2872 1236 2891 care
1252 2862 1322 2892 that
1338 2863 1415 2893 such
1431 2874 1450 2893 a
1465 2864 1590 2892 witness
1610 2862 1724 2892 should
1744 2865 1800 2893 not
1816 2862 1855 2892 be

1078 2905 1249 2944 produced,
1266 2906 1292 2936 if
1305 2906 1344 2936 he
1360 2906 1452 2937 could
1468 2908 1601 2947 prevent
1616 2905 1651 2935 it.
