2002 3235
781 184 914 227 GAP.
950 187 1015 238 29,
1041 188 1107 228 30.
1663 193 1746 234 :393

140 313 374 355 nomenque
396 299 613 341 dederant.
676 298 757 352 Qui
785 304 907 341 erant
928 314 1067 341 rerum
1098 300 1339 356 capitalium
1362 302 1640 355 condemnati,
1665 320 1747 345 non

140 365 254 419 prius
284 366 392 406 hanc
424 365 640 407 civitatem
672 365 930 407 amittebant
961 380 1087 421 quam
1123 371 1244 408 erant
1276 367 1318 407 in
1349 382 1443 408 eam
1471 369 1640 423 recepti,
1665 384 1747 424 quo

140 430 343 479 vertendi,
366 430 444 471 hoc
467 435 533 471 est
553 429 756 480 mutandi,
781 430 857 470 soli
875 445 1024 471 caussa
1046 436 1262 473 venerant.
1328 431 1378 473 Id
1400 437 1543 474 autem
1565 438 1612 474 ut
1635 438 1748 475 esset

140 495 394 544 faciundum,
430 510 513 536 non
543 495 809 550 ademptione
841 495 1039 546 civitatis,
1073 497 1147 537 sed
1179 497 1285 539 tecti
1322 502 1365 538 et
1395 512 1529 553 aquae
1564 503 1607 540 et
1640 499 1748 554 ignis

140 560 437 602 interdictione
481 560 706 602 faciebant.
785 560 974 615 Populus
1022 561 1239 603 Romanus
1287 562 1334 603 L.
1381 562 1497 603 Sulla
1538 563 1748 605 dictatore

141 625 303 667 ferente
340 625 520 667 comitiis
556 626 804 667 centuriatis
840 626 1074 682 municipiis
1110 627 1325 668 civitatem
1365 628 1551 676 ademit3
1592 630 1749 670 ademit

141 691 288 732 iisdem
309 706 449 747 agros.
512 691 579 732 De
603 692 716 747 agris
748 697 887 733 ratum
920 697 996 743 est,
1030 692 1111 734 fuit
1132 693 1243 734 enim
1278 694 1419 749 populi
1445 699 1661 749 potestas:
1697 696 1748 736 de

144 757 317 798 civitate
358 772 410 798 ne
441 757 604 798 tamdiu
637 757 805 813 quidem
847 758 976 799 valuit
1013 759 1213 813 quamdiu
1247 759 1315 800 illa
1350 760 1508 801 Sullani
1546 761 1749 816 temporis

141 837 258 863 arma
289 823 519 864 valuerunt.
583 822 655 863 An
688 838 786 864 vero
810 823 1118 874 Volaterranis,
1155 838 1283 879 quum
1319 825 1448 866 etiam
1483 831 1574 867 tum
1607 832 1749 868 essent

141 888 183 928 in
204 888 342 938 armis,
369 888 418 928 L.
444 887 560 928 Sulla
581 887 715 929 victor
736 902 780 928 re
811 888 978 943 publica
1014 895 1263 944 recuperata
1295 890 1475 932 comitiis
1501 891 1749 934 centuriatis

141 953 358 994 civitatem
379 953 540 1008 eripere
561 968 645 993 non
667 953 818 1008 potuit,
837 953 1045 1008 hodieque
1068 954 1352 1005 Volaterrani,
1372 970 1454 997 non
1476 957 1600 997 modo
1622 957 1745 1009 cives,

140 1019 215 1060 sed
243 1018 370 1059 etiam
392 1018 540 1073 optimi
573 1017 683 1059 cives
704 1018 899 1060 fruuntur
920 1019 1134 1060 nobiscum
1156 1020 1278 1060 simul
1300 1021 1377 1062 hac
1411 1021 1583 1063 civitate
1602 1040 1612 1071 3
1649 1038 1748 1064 con-

140 1085 268 1125 sulari
296 1085 452 1125 homini
476 1085 526 1125 P.
551 1085 722 1126 Clodius
744 1100 889 1126 eversa
910 1100 955 1126 re
976 1086 1142 1141 publica
1165 1086 1380 1128 civitatem
1402 1088 1585 1129 adimere
1607 1089 1749 1144 potuit

141 1150 317 1191 concilio
338 1151 557 1198 advocato,
585 1151 805 1192 conductis
836 1151 974 1206 operis
995 1167 1078 1193 non
1099 1152 1234 1193 solum
1266 1153 1493 1207 egentium,
1517 1154 1590 1194 sed
1619 1154 1747 1195 etiam

141 1230 367 1266 servorum,
406 1215 574 1256 Fidulio
610 1216 810 1271 principe,
845 1217 913 1271 qui
942 1231 987 1258 se
1016 1217 1085 1258 illo
1115 1217 1182 1258 die
1214 1218 1436 1259 confirmat
1470 1219 1628 1260 Romae
1665 1235 1748 1260 non

140 1281 297 1323 fuisse?
359 1281 483 1333 Quod
504 1281 538 1321 si
560 1296 643 1322 non
664 1282 756 1330 fuit,
783 1282 883 1337 quid
904 1287 948 1324 te
976 1283 1178 1323 audacius
1199 1283 1269 1338 qui
1298 1283 1388 1337 ejus
1409 1298 1560 1325 nomen
1592 1285 1747 1326 incide-

141 1346 228 1388 ris?
260 1347 359 1402 quid
381 1347 655 1401 desperatius,
680 1347 748 1402 qui
771 1362 821 1387 ne
844 1348 1109 1388 ementiendo
1131 1348 1298 1402 quidem
1320 1349 1508 1403 potueris
1528 1360 1746 1390 auctorem

140 1412 393 1453 adumbrare
433 1412 677 1452 meliorem?
746 1412 820 1453 Sin
855 1417 997 1453 autem
1034 1413 1069 1453 is
1102 1414 1261 1468 primus
1301 1414 1437 1464 scivit,
1477 1415 1589 1469 quod
1625 1415 1746 1456 facile

140 1478 281 1534 potuit
303 1478 373 1533 qui
395 1483 567 1533 propter
588 1478 771 1533 inopiam
792 1479 895 1519 tecti
927 1478 968 1518 in
989 1479 1079 1519 foro
1102 1484 1406 1534 pernoctasset,
1431 1495 1505 1520 cur
1530 1495 1612 1521 non
1629 1481 1747 1535 juret

141 1559 185 1585 se
210 1544 399 1585 Gadibus
420 1544 560 1595 fuisse,
586 1559 714 1599 quum
735 1548 783 1584 tu
805 1548 847 1585 te
869 1543 997 1585 fuisse
1026 1543 1295 1586 Interamnae
1315 1546 1585 1600 probaveris?
1647 1547 1745 1588 Hoc

138 1676 244 1707 labam
268 1678 302 1706 ni
328 1676 360 1705 in
384 1686 482 1715 marg.
511 1675 670 1715 supplevit
694 1675 841 1711 secunda,
865 1676 919 1705 sed
964 1675 1043 1705 head
1074 1674 1375 1717 (praescribebatur)
1402 1677 1474 1707 who
1502 1678 1593 1707 voted
1620 1678 1689 1708 first
1713 1679 1746 1708 in

139 1720 271 1760 antiqua
287 1718 414 1759 manus)
434 1720 469 1749 P.
483 1731 491 1755 ;
513 1720 618 1749 latini.
637 1720 670 1748 lez*
687 1722 780 1749 erant
796 1719 834 1749 G.
849 1719 896 1748 M.
911 1731 918 1755 ;
964 1720 1019 1749 the
1037 1719 1266 1758 Praerogativa.
1314 1720 1346 1750 It
1369 1720 1425 1749 has
1442 1720 1522 1750 been
1539 1722 1695 1761 proposed
1712 1726 1746 1751 to

140 1764 236 1793 latim·
261 1764 307 1792 lm·
333 1766 425 1792 erant
443 1762 494 1792 V.’
520 1762 669 1802 (Baiter),
687 1762 837 1794 whohas
860 1762 919 1791 fol-

139 1806 237 1836 lowed
266 1806 372 1842 Klotz,
400 1805 505 1835 whose
528 1806 702 1835 correction
730 1815 831 1835 seems
852 1816 919 1835 cer-

138 1850 216 1886 tain,
233 1850 339 1879 unless
356 1859 401 1879 we
417 1849 490 1879 take
507 1850 550 1879 ni.
580 1849 650 1878 The
666 1859 812 1878 common
829 1849 918 1878 read-

139 1893 195 1932 ing
220 1893 246 1922 is
274 1893 413 1928 ‘Latini‚
442 1892 496 1932 qui
523 1902 585 1921 non
611 1892 723 1928 erant,'
752 1902 793 1921 on
816 1892 918 1921 which

139 1936 231 1966 Wolf
243 1946 324 1975 says,
342 1938 361 1952 “
375 1936 485 1965 Gravis
503 1936 678 1965 sententia:
704 1935 779 1964 Non
796 1938 871 1965 sunt
886 1935 919 1964 in

140 1979 277 2009 colonias
300 1978 444 2018 profecti,
463 1979 517 2018 qui
540 1988 655 2008 nomen
672 1988 736 2008 non
752 1978 918 2014 dederunt,

139 2022 172 2052 h.
201 2032 227 2051 e.
253 2022 306 2061 qui
332 2021 502 2051 noluerunt
528 2022 684 2060 proficisci
708 2022 741 2050 in
768 2022 917 2057 colonias,

140 2065 194 2104 qui
210 2075 275 2094 non
292 2068 366 2094 sunt
382 2064 603 2103 profecti.”—‘
617 2064 770 2100 vertendi,
796 2064 856 2094 hoc
871 2068 919 2093 est

139 2108 285 2138 mutandi
298 2107 317 2137 ι’
349 2117 495 2147 compare
527 2107 587 2136 Pro
618 2106 764 2142 Caecina,
795 2117 823 2137 c.
854 2108 895 2137 34
910 2119 916 2136 :

140 2155 159 2168 “
175 2151 257 2181 Nam
276 2151 329 2190 qui
346 2149 492 2186 volunt‚'’
510 2152 567 2179 διο.

183 2194 410 2224 interdictione
430 2192 630 2232 faciebant]
678 2192 919 2222 ‘interdictione

138 2235 370 2276 adigebantur,'
403 2236 511 2272 Halm,
544 2236 671 2272 Baiter3
707 2235 765 2265 but
799 2235 862 2264 this
891 2235 918 2265 is

138 2281 246 2310 rather
261 2284 314 2310 too
329 2280 422 2309 much
438 2283 471 2309 to
487 2282 606 2318 accept,
620 2278 742 2317 though
758 2278 812 2307 the
828 2278 919 2307 other

137 2324 268 2362 reading
283 2333 354 2362 may
371 2323 410 2352 be
425 2333 458 2352 as
474 2322 565 2352 Wolf
578 2322 652 2351 calls
669 2322 696 2351 it'
707 2321 920 2360 ‘ineptissima

138 2365 304 2405 stribligo.'

182 2411 344 2440 civilatem
361 2408 520 2448 aciemn]
574 2408 633 2438 See
649 2407 709 2437 Pro
727 2407 872 2442 Caecina,
890 2417 916 2436 c.

137 2454 191 2488 35,
215 2453 275 2482 and
300 2453 355 2482 the
371 2455 527 2482 notes.-‘
539 2451 588 2482 An
606 2461 679 2480 vero
694 2450 713 2480 :'
739 2450 793 2480 the
809 2461 916 2480 emen-

137 2496 243 2525 dation
261 2496 296 2525 of
311 2495 483 2525 Lambinus
499 2494 548 2525 for
564 2498 571 2512 ‘
588 2495 681 2524 Hanc
696 2493 847 2523 vero.'—‘
859 2504 916 2532 op-

137 2539 206 2568 timi
223 2537 335 2568 cives:’
359 2539 422 2568 this
439 2538 542 2568 would
565 2548 658 2568 mean
681 2537 735 2567 the
759 2536 828 2566 best
848 2537 916 2566 eiti-

137 2591 223 2617 zens,
241 2581 299 2611 but
322 2581 362 2611 he
384 2581 537 2620 probably
553 2591 662 2611 means
686 2580 829 2619 ‘optimo
846 2580 917 2618 jure

137 2623 241 2660 cives,'
258 2634 292 2654 as
305 2624 395 2654 Wolf
404 2624 560 2662 observes,
572 2628 579 2641 ⁴
592 2625 674 2653 cives
686 2624 806 2663 optima
818 2623 885 2662 lege
897 2623 916 2659 ;'

138 2667 195 2697 but
226 2667 265 2696 he
292 2667 405 2696 should
436 2667 514 2697 have
541 2668 665 2697 written
696 2669 703 2683 ‘
715 2666 809 2705 jure!
859 2666 916 2696 See

136 2710 210 2740 Vol.
228 2710 256 2740 Ι.
272 2710 362 2740 Verr.
387 2710 419 2740 ii.
445 2711 475 2740 3.
500 2721 527 2740 c.
551 2711 603 2746 91,
627 2715 702 2740 note
718 2720 759 2739 011
776 2710 916 2749 ‘optimo

139 2752 229 2783 'ure.’

134 2764 146 2793 J
183 2797 250 2835 ejus
263 2819 270 2826 .
286 2819 293 2825 .
312 2818 318 2825 .
334 2796 487 2825 incideris
498 2795 531 2834 ?]
561 2796 645 2826 That
660 2796 696 2831 is,
714 2796 827 2826 caused
844 2795 868 2825 it
883 2798 916 2825 to

138 2839 179 2869 be
204 2842 257 2868 cut
284 2849 325 2868 on
352 2839 406 2868 the
432 2838 549 2868 bronze
575 2839 667 2879 (aes),
694 2839 744 2868 for
768 2839 822 2869 the
846 2839 916 2868 Ple-

139 2882 251 2912 biscita
275 2892 308 2911 as
333 2882 403 2910 well
425 2891 459 2911 as
484 2881 538 2911 the
566 2882 666 2921 Leges
690 2892 771 2912 were
794 2885 848 2912 cut
875 2892 916 2911 on

138 2925 265 2962 bronze,
282 2924 345 2955 and
359 2924 414 2955 the
430 2934 523 2954 name
538 2925 573 2955 of
585 2925 652 2955 him
664 2935 725 2955 was
740 2929 799 2965 put
814 2928 847 2955 at
861 2925 916 2955 the

965 1762 1052 1792 write
1085 1763 1158 1802 ‘qui
1187 1763 1219 1792 in
1251 1773 1303 1792 aes
1334 1764 1402 1802 ejus
1432 1774 1547 1793 nomen
1576 1765 1745 1795 incideris.’

964 1805 1033 1835 The
1057 1815 1188 1845 passage
1212 1806 1244 1835 iu
1268 1806 1322 1835 the
1344 1807 1466 1836 oration
1484 1807 1544 1836 Pro
1562 1808 1700 1844 Plancio,
1718 1819 1744 1838 c.

967 1849 1016 1885 14,
1028 1849 1054 1878 is
1070 1849 1134 1878 this
1149 1861 1155 1878 z
1175 1853 1193 1865 ⁴⁶
1206 1849 1290 1878 Nam
1308 1850 1393 1889 quod
1408 1850 1526 1888 primus
1539 1851 1629 1880 scivit
1644 1851 1745 1890 legem

964 1891 1003 1921 de
1027 1892 1203 1931 publicanis
1235 1896 1302 1922 tum
1334 1903 1431 1932 quum
1460 1894 1507 1922 vir
1531 1894 1745 1933 amplissimus

964 1935 1074 1964 consul
1104 1936 1136 1964 id
1166 1935 1210 1964 illi
1241 1936 1342 1965 ordini
1376 1946 1431 1975 per
1461 1937 1614 1976 populum
1646 1938 1743 1975 dedit,

965 1978 1049 2017 quod
1067 1989 1123 2017 per
1139 1982 1284 2008 senatum
1302 1979 1327 2008 si
1343 1979 1482 2009 licuisset
1505 1980 1652 2017 dedisset,
1671 1981 1696 2010 si
1712 1981 1745 2010 in

964 2031 1001 2050 eo
1026 2022 1145 2051 crimen
1173 2025 1220 2051 est
1245 2022 1318 2061 quia
1345 2023 1527 2061 suffragium
1559 2024 1643 2059 tulit,
1675 2025 1745 2063 quis

964 2074 1028 2093 non
1044 2065 1118 2094 tulit
1134 2065 1345 2104 publicanus?
1370 2066 1406 2101 si,
1422 2066 1494 2105 quia
1507 2066 1627 2105 primus
1644 2068 1744 2104 scivit,

964 2110 1072 2137 utrum
1099 2108 1131 2137 id
1156 2108 1249 2137 sortis
1272 2118 1341 2137 esse
1357 2108 1403 2137 vis
1426 2119 1467 2138 an
1491 2109 1558 2147 ejus
1581 2111 1634 2149 qui
1657 2111 1744 2141 illam

964 2149 1065 2188 legem
1092 2150 1239 2180 ferebat?
1287 2151 1319 2180 Si
1346 2152 1450 2187 sortis,
1478 2153 1600 2182 nullum
1625 2153 1745 2184 crimen

963 2196 1011 2222 est
1040 2193 1073 2222 in
1104 2203 1196 2222 casu:
1233 2194 1258 2222 si
1289 2194 1436 2229 consulis,
1468 2195 1618 2234 splendor
1647 2197 1743 2227 etiam

964 2235 1081 2270 Planci.
1107 2235 1225 2274 hunca
1248 2246 1372 2266 summo
1388 2237 1454 2266 viro
1479 2238 1654 2277 principem
1676 2249 1744 2270 esse

962 2279 1080 2308 ordinis
1103 2278 1317 2318 judicatum.'’
1364 2280 1396 2309 It
1420 2290 1552 2320 appears
1575 2282 1651 2312 then
1673 2283 1743 2313 that

963 2321 1055 2351 when
1071 2322 1095 2351 it
1110 2332 1172 2351 was
1189 2322 1386 2352 determined
1410 2323 1450 2362 by
1466 2324 1512 2353 lot
1527 2324 1611 2354 what
1626 2325 1742 2356 Tribus

963 2374 999 2393 or
1033 2364 1185 2394 Centuria
1215 2365 1329 2394 should
1360 2370 1432 2396 vote
1464 2367 1542 2403 first,
1574 2368 1630 2398 the
1668 2379 1742 2408 pro-

962 2417 1055 2446 poser
1081 2408 1117 2437 of
1137 2408 1193 2437 the
1220 2408 1285 2437 Lex
1313 2409 1404 2438 could
1431 2410 1490 2439 call
1513 2420 1553 2440 on
1577 2411 1680 2441 whom
1702 2412 1743 2442 he

962 2450 1089 2489 pleased
1113 2451 1148 2480 of
1168 2451 1231 2480 this
1248 2451 1364 2481 Tribus
1385 2462 1420 2481 or
1444 2452 1595 2483 Centuria
1614 2458 1648 2484 to
1669 2458 1742 2484 vote

962 2494 1038 2523 first.

1005 2538 1060 2575 qui
1081 2539 1217 2576 propter
1242 2538 1383 2576 inopiam
1407 2560 1413 2568 .
1433 2560 1440 2568 .
1459 2561 1466 2568 .
1486 2541 1737 2579 pernoctasset‚]

963 2582 969 2596 ‘
985 2580 1039 2619 qui
1054 2578 1061 2592 '
1078 2580 1103 2610 is
1119 2580 1219 2609 added
1236 2579 1277 2619 by
1295 2580 1409 2610 Baiter.
1442 2581 1511 2611 The
1528 2582 1623 2612 MSS.
1639 2584 1741 2613 which

962 2623 1001 2652 he
1032 2623 1108 2652 cites
1139 2623 1219 2652 have
1245 2624 1499 2661 ‘pernoctasset'
1526 2635 1562 2654 or
1590 2628 1740 2664 ‘pernoc-

961 2665 1067 2695 tasse'
1112 2666 1190 2695 This
1217 2676 1295 2704 poor
1318 2667 1434 2696 wretch
1460 2667 1543 2705 slept
1571 2668 1674 2698 where
1700 2669 1740 2699 he

961 2709 1054 2739 could
1069 2709 1102 2738 in
1118 2709 1173 2739 the
1188 2709 1331 2748 porches,
1348 2709 1380 2738 in
1396 2709 1451 2739 the
1467 2710 1581 2747 forum,
1595 2721 1628 2741 as
1645 2722 1741 2752 many

962 2752 1001 2782 do
1017 2762 1098 2781 now.

1005 2794 1225 2834 Interamnae]

962 2839 1010 2868 for
1034 2838 1156 2878 getting
1179 2839 1246 2867 into
1274 2837 1416 2868 Caesar's
1441 2838 1540 2868 house
1567 2840 1658 2869 while
1685 2841 1740 2871 the

960 2892 1083 2911 women
1108 2892 1189 2911 were
1215 2881 1407 2921 performing
1437 2881 1492 2911 the
1522 2883 1676 2913 sacrifices
1706 2884 1743 2914 of

961 2925 1016 2955 the
1047 2925 1137 2955 Bona
1162 2925 1240 2962 Dea,
1272 2924 1312 2954 he
1336 2924 1555 2955 endeavoured
1582 2929 1615 2956 to
1642 2936 1739 2966 prove

1278 2794 1383 2824 When
1412 2794 1542 2825 Clodius
1569 2807 1631 2826 was
1659 2798 1740 2828 tried
