2063 3242
281 226 364 267 438
523 222 703 264 ORAT.
736 222 819 263 DE
854 221 1279 264 HARUSPICUM
1314 222 1653 265 RESPONSIS

280 339 504 395 scrupulus
523 337 793 380 tenuissimus
814 337 999 379 residere
1020 337 1170 393 aliquis
1191 338 1416 385 videbitur,
1440 352 1523 378 non
1544 338 1670 379 modo
1692 336 1888 393 patienti,

279 406 354 447 sed
375 405 502 446 etiam
524 404 672 445 libenti
693 403 832 444 animo
860 403 1069 458 portentis
1091 404 1266 445 deorum
1294 404 1594 445 immortalium
1618 402 1890 458 religionique

279 471 449 527 parebo.

340 537 423 578 VI.
468 535 551 577 Sed
588 549 694 590 quae
730 534 901 576 tandem
938 539 1004 576 est
1040 533 1082 575 in
1117 534 1195 576 hac
1231 535 1335 576 urbe
1368 540 1490 576 tanta
1531 535 1680 575 domus
1719 535 1773 575 ab
1809 533 1892 575 ista

279 601 495 657 religionis
526 600 766 656 suspicione
799 606 889 641 tam
911 615 1045 641 vacua
1078 606 1207 656 atque
1241 602 1371 656 pura?
1434 592 1699 656 Quamquam
1724 605 1891 641 vestrae

279 668 441 717 domus,
475 674 618 723 patres
650 667 893 722 conscripti,
927 672 1247 723 ceterorumque
1279 667 1431 708 civium
1464 667 1595 708 multo
1628 666 1809 707 maxima
1840 680 1892 707 ex

278 739 399 788 parte
420 739 519 774 sunt
541 733 697 773 liberae
719 732 933 787 religione,
957 737 1100 773 tamen
1123 748 1206 773 una
1227 748 1319 774 mea
1341 733 1489 774 domus
1505 732 1677 788 judiciis
1699 732 1892 773 omnibus

278 800 457 842 liberat-a
493 800 533 840 in
567 800 645 840 hac
682 800 785 840 urbe
821 799 909 840 sola
942 804 1022 841 est.
1086 798 1146 840 Te
1180 799 1290 839 enim
1323 799 1499 855 appello,
1535 799 1725 849 Lentule,
1756 804 1800 840 et
1832 803 1888 849 te,

280 865 586 921 Philippe—-ex
609 866 688 907 hoc
711 866 982 921 haruspicum
1005 881 1208 921 responso
1231 865 1419 907 decrevit
1440 870 1625 916 senatus,
1651 870 1698 906 ut
1718 865 1769 906 de
1790 864 1892 906 locis

278 932 410 973 sacris
443 931 650 986 religiosis
684 931 737 971 ad
769 931 879 972 hunc
914 931 1101 972 ordinem
1127 930 1633 985 referretis—potestisne
1660 931 1815 971 referre
1841 931 1892 972 de

278 1012 371 1039 mea
393 998 545 1038 domo?
576 1012 696 1053 quae,
720 1002 768 1038 ut
789 996 887 1046 dixi,
911 996 1000 1037 sola
1029 996 1070 1036 in
1103 997 1183 1037 hac
1205 997 1308 1037 urbe
1331 997 1442 1037 omni
1475 996 1675 1050 religione
1698 996 1892 1037 omnibus

273 1064 443 1119 judiciis
464 1064 643 1105 liberata
665 1068 756 1108 est3
791 1077 917 1117 quam
938 1062 1116 1117 primum
1140 1062 1333 1103 inimicus
1358 1063 1445 1118 ipse
1469 1062 1510 1102 in
1543 1063 1612 1103 illa
1633 1067 1891 1117 tempestate

277 1144 327 1171 ac
363 1137 488 1170 nocte
522 1129 580 1170 rei
615 1129 816 1184 publicae,
842 1143 969 1183 quum
1002 1133 1144 1170 cetera
1175 1129 1334 1175 scelera
1364 1128 1463 1169 stilo
1496 1129 1563 1169 illo
1592 1129 1767 1184 impuro,
1795 1127 1889 1169 Sex.

279 1195 414 1236 Clodii
456 1210 527 1236 ore
568 1195 716 1244 tincto,
762 1194 1094 1249 conscripsisset,
1131 1209 1183 1234 ne
1225 1210 1308 1235 una
1350 1195 1519 1250 quidem
1560 1194 1706 1249 attigit
1746 1194 1891 1235 lit-tera

278 1259 517 1314 religionis,
563 1259 712 1300 deinde
753 1260 931 1300 eandem
973 1260 1144 1300 domum
1186 1260 1364 1315 populus
1399 1261 1626 1310 Romanus,
1665 1260 1784 1315 cujus
1825 1264 1892 1300 est

278 1340 441 1366 summa
468 1330 660 1380 potestas
692 1325 879 1365 omnium
910 1340 1063 1373 rerum,
1088 1326 1271 1366 comitiis
1298 1326 1547 1367 centuriatis
1569 1326 1753 1367 omnium
1775 1330 1890 1366 aeta·

277 1395 369 1432 tum
411 1391 685 1446 ordinumque
719 1391 933 1446 suffragiis
970 1391 1119 1432 eodem
1156 1392 1251 1446 jure
1293 1406 1385 1432 esse
1420 1392 1550 1446 jussit
1591 1407 1672 1447 quo
1712 1391 1909 1444 fuissem-

277 1462 429 1511 postea
450 1471 534 1505 VOS,
560 1462 703 1511 patres
726 1456 968 1512 conscripti,
993 1472 1076 1497 non
1099 1471 1182 1512 quo
1214 1457 1342 1498 dubia
1373 1472 1440 1498 res
1462 1463 1586 1507 esset,
1611 1458 1686 1498 sed
1715 1462 1763 1497 ut
1793 1457 1890 1497 huic

277 1521 423 1570 furiae,
458 1521 492 1562 si
525 1522 683 1563 diutius
715 1522 757 1562 in
790 1523 868 1563 hac
901 1522 1005 1563 urbe
1038 1537 1163 1578 quam
1197 1523 1333 1564 delere
1367 1529 1542 1578 cuperet
1570 1527 1772 1572 maneret,
1810 1537 1890 1563 vox

277 1587 613 1637 interdiceretur,
638 1588 885 1629 decrevistis
907 1594 955 1629 ut
977 1588 1028 1629 de
1050 1603 1239 1629 mearum
1261 1589 1429 1630 aedium
1458 1589 1658 1644 religione
1680 1589 1734 1629 ad
1756 1588 1892 1643 ponti-

277 1653 403 1695 ficum
440 1653 660 1709 collegium
693 1654 935 1696 referretur.
1000 1655 1118 1707 Quae
1156 1659 1276 1696 tanta
1310 1655 1456 1710 religio
1493 1661 1571 1705 est,
1608 1669 1691 1710 qua
1726 1669 1808 1695 non
1850 1654 1892 1694 in

278 1720 435 1761 nostris
467 1720 803 1761 dubitationibus
834 1726 962 1776 atque
994 1721 1036 1762 in
1067 1721 1259 1762 maximis
1292 1721 1664 1776 superstitionibus
1695 1721 1816 1761 unius
1840 1720 1890 1761 P.

280 1785 444 1827 Servilii
480 1800 530 1826 ac
567 1785 630 1826 M.
670 1786 834 1827 Luculli
871 1801 1073 1842 responso
1109 1801 1159 1827 ac
1190 1787 1316 1827 verbo
1349 1787 1599 1827 liberemur?
1660 1787 1727 1827 De
1762 1786 1892 1827 sacris

279 1851 469 1906 publicis,
495 1851 547 1891 de
578 1851 686 1891 ludis
717 1851 926 1900 maximis,
952 1852 1002 1892 de
1030 1852 1204 1892 deorum
1229 1851 1446 1906 penatium
1470 1851 1715 1907 Vestaeque
1744 1852 1892 1894 matris

280 1916 558 1966 caerimoniis,
583 1917 633 1956 de
665 1916 733 1957 illo
766 1916 856 1971 ipso
888 1916 1106 1965 sacrificio,
1141 1917 1251 1971 quod
1282 1917 1333 1958 fit
1364 1932 1438 1972 pro
1470 1918 1605 1958 salute
1638 1917 1775 1973 populi
1808 1918 1892 1959 Ro-

279 1981 404 2031 mani,
429 1982 539 2036 quod
571 1988 670 2036 post
703 1982 882 2024 Romam
914 1982 1127 2023 conditam
1160 1983 1286 2037 hujus
1318 1982 1441 2023 unius
1473 1983 1579 2024 casti
1611 1983 1768 2025 tutoris
1800 1983 1892 2024 reli-

279 2047 451 2102 gionum
486 2047 642 2088 scelere
678 2046 878 2088 violatum
911 2053 989 2096 est,
1028 2048 1138 2103 quod
1172 2053 1260 2088 tres
1297 2048 1518 2103 pontifices
1551 2049 1817 2098 statuissent,
1849 2049 1891 2089 id

280 2127 445 2168 semper
476 2112 630 2168 populo
654 2112 858 2164 Romano,
884 2127 1049 2168 semper
1079 2113 1260 2163 senatui,
1284 2128 1451 2169 semper
1480 2114 1583 2170 ipsis
1615 2115 1694 2156 diis
1725 2114 1891 2155 immor-

325 2246 355 2275 6.
380 2255 480 2275 vacua
498 2247 593 2283 atque
612 2254 700 2283 pura
714 2245 746 2283 .7]
798 2245 949 2275 Garatoni
967 2245 1064 2275 refers
1111 2255 1183 2275 man
1200 2245 1226 2275 is
1243 2248 1299 2275 not
1315 2246 1440 2285 writing
1457 2246 1561 2276 Latin.

281 2291 315 2317 to
332 2298 351 2317 a
363 2298 495 2327 passage
510 2288 542 2317 in
560 2288 679 2327 Ulpian
698 2288 787 2328 (Dig.
808 2289 858 2318 11.
875 2289 905 2324 7.
923 2290 953 2318 2.
974 2291 989 2326 §
1007 2288 1062 2329 2):
1154 2290 1293 2319 comitiis
1309 2290 1516 2329 centuriatis]
1565 2290 1626 2319 We
1649 2290 1742 2320 know
1757 2290 1892 2329 nothing

282 2333 301 2347 “
317 2331 418 2360 Purus
448 2331 536 2360 locus
578 2331 702 2365 dicitur,
745 2331 800 2370 qui
835 2342 939 2371 neque
978 2342 1065 2361 sacer
1110 2331 1146 2361 of
1168 2332 1232 2361 this
1259 2338 1330 2362 vote
1357 2333 1393 2362 of
1419 2333 1474 2362 the
1503 2336 1510 2350 ‘
1526 2334 1686 2363 centuriae
1699 2332 1719 2370 ς’
1751 2333 1809 2363 but
1836 2334 1891 2363 the

280 2383 385 2413 neque
409 2378 535 2404 sanctus
563 2378 611 2403 est
636 2384 739 2413 neque
762 2375 936 2413 religiosus,
954 2375 1007 2405 sed
1025 2374 1064 2404 ab
1110 2375 1212 2405 words
1228 2385 1280 2405 are
1296 2377 1403 2414 nearly
1419 2377 1474 2406 the
1493 2386 1578 2406 same
1594 2387 1628 2406 as
1644 2377 1684 2406 he
1699 2387 1771 2407 uses
1787 2378 1820 2407 in
1836 2376 1891 2406 the

281 2417 430 2447 omnibus
446 2417 629 2455 hujusmodi
652 2417 836 2448 nominibus
852 2428 962 2448 vacare
978 2418 1064 2448 vide·
1111 2418 1161 2448 De
1178 2419 1294 2454 Domo,
1312 2429 1337 2448 c.
1357 2421 1397 2449 28
1414 2418 1543 2459 (Wolf).

280 2459 368 2490 tur.’'

326 2504 437 2533 littera
453 2502 658 2541 reliqz'onis;]
708 2502 876 2532 Markland
903 2513 973 2542 says
994 2504 1064 2533 that

282 2547 308 2577 it
320 2546 433 2576 should
445 2545 484 2575 be
498 2550 504 2561 ⁴
517 2545 556 2575 de
571 2545 745 2584 religione,'
756 2556 789 2575 as
800 2546 832 2574 in
846 2546 900 2575 the
915 2547 974 2576 Pro
988 2547 1063 2577 Clu-

282 2590 378 2626 entio,
397 2599 423 2619 c.
449 2591 490 2619 (35
507 2599 514 2619 :
541 2592 560 2604 “
579 2588 617 2617 In
641 2589 755 2627 quibus
778 2588 902 2618 tabellis
921 2590 959 2619 de
978 2589 1062 2619 furto

284 2633 361 2674 (non
379 2632 487 2671 surh)
511 2632 615 2661 littera
642 2631 728 2660 nulla
757 2631 951 2661 invenitur.”
1000 2633 1063 2662 But

281 2677 337 2707 the
350 2676 553 2706 Declamator
571 2675 673 2703 writes
689 2684 723 2703 so
738 2684 744 2701 z
771 2677 790 2691 ‘⁶
806 2675 913 2704 Unum
932 2676 1063 2704 ostende

281 2719 413 2750 verbum
434 2717 678 2748 consecrationis
690 2717 709 2730 ’⁷
729 2716 793 2757 (De
818 2718 932 2751 Domo,
950 2728 976 2747 c.
993 2718 1061 2758 50).

284 2763 405 2794 Gesner
421 2761 551 2791 defends
567 2761 621 2790 the
644 2763 721 2797 text,
750 2760 811 2790 and
828 2770 991 2799 compares
1007 2761 1062 2790 the

283 2806 464 2845 expression
511 2808 518 2821 ⁴
531 2804 687 2834 calumnia
731 2803 913 2842 religionis‚'
959 2804 1061 2833 which

283 2849 392 2879 Cicero
419 2858 491 2878 uses
517 2848 549 2878 in
573 2848 628 2877 the
650 2847 744 2876 letter
767 2851 799 2877 to
823 2846 976 2876 Lentulus
997 2847 1062 2886 (Ad

283 2893 356 2922 Div.
388 2892 408 2922 i.
449 2891 491 2931 l).
539 2891 604 2921 But
636 2890 691 2920 the
721 2890 889 2920 difference
920 2889 1061 2919 between

283 2938 290 2952 ⁴
305 2936 411 2965 littera
425 2934 608 2973 religionis‚'
620 2933 681 2964 and
695 2936 702 2950 ‘
714 2933 871 2963 calumnia
881 2933 1040 2972 religionis
1053 2933 1060 2946 ’

282 2979 308 3008 is
335 2988 409 3017 very
433 2978 529 3017 plain,
555 2988 588 3007 as
615 2976 708 3008 Wolf
731 2977 896 3012 observes3
920 2975 982 3006 and
1007 2976 1062 3007 the

1154 2462 1433 2501 interdiceretm·‚]
1470 2462 1645 2492 Lambinus
1656 2462 1816 2492 corrected
1828 2462 1890 2492 this

1109 2507 1142 2535 to
1172 2505 1484 2539 ‘intercluderetur;'
1510 2505 1698 2535 Gulielmius
1722 2510 1755 2535 to
1773 2506 1890 2535 ‘inter-

1109 2546 1287 2587 ciperetur.’
1333 2548 1402 2577 'she
1412 2548 1515 2578 critics
1524 2559 1616 2587 agree
1632 2549 1702 2579 that
1711 2549 1736 2579 it
1749 2552 1835 2578 must
1851 2549 1890 2579 be

1107 2590 1258 2620 endured.

1152 2633 1237 2673 quod
1242 2634 1289 2672 fit
1300 2642 1363 2671 pro
1382 2634 1501 2673 salute]
1552 2635 1576 2664 T
1580 2635 1620 2665 he
1643 2635 1833 2665 celebration
1857 2634 1893 2665 of

1108 2676 1162 2706 the
1185 2676 1260 2705 rites
1284 2676 1320 2705 of
1340 2676 1393 2706 the
1420 2677 1506 2707 Bona
1530 2678 1609 2714 Dea,
1633 2678 1735 2707 which
1759 2677 1888 2708 Clodius

1108 2719 1260 2758 polluted,
1278 2719 1332 2748 the
1350 2722 1357 2735 ⁴
1372 2724 1476 2749 castus
1492 2721 1601 2757 tutor‚'
1626 2721 1667 2760 by
1684 2721 1805 2760 getting
1820 2721 1888 2750 into

1108 2761 1249 2792 Caesar's
1274 2762 1372 2791 house
1388 2763 1480 2793 when
1502 2766 1557 2794 the
1573 2775 1696 2794 women
1712 2774 1791 2793 were
1807 2764 1887 2793 cele-

1107 2805 1233 2843 brating
1249 2805 1312 2835 this
1330 2806 1401 2845 holy
1424 2807 1493 2836 rite.
1541 2807 1680 2838 Cicero’s
1704 2808 1888 2846 expression

1107 2848 1132 2877 is
1157 2848 1242 2877 this:
1282 2852 1301 2865 ‘⁴
1320 2849 1421 2879 Credo
1446 2850 1530 2879 enim
1558 2854 1590 2880 te
1620 2851 1756 2887 audisse,
1788 2860 1887 2889 quum

1106 2891 1190 2930 apud
1206 2892 1370 2922 Caesarem
1389 2902 1446 2932 pro
1462 2894 1581 2933 populo
1598 2894 1697 2930 fieret,
1714 2894 1835 2923 venisse
1850 2903 1887 2922 eo

1107 2934 1254 2965 muliebri
1269 2936 1385 2966 vestitu
1401 2936 1503 2966 virum
1516 2936 1534 2949 ''
1560 2936 1623 2977 (Ad
1641 2938 1709 2967 Att.
1726 2937 1746 2966 i.
1769 2935 1832 2979 13).
