2002 3235
707 155 841 197 OAP.
874 157 1055 197 21—23.
1593 159 1675 199 263

78 270 400 312 Maeandrium?
460 269 574 310 Huic
604 269 661 309 illi
691 269 844 324 legato,
866 268 961 309 huic
983 267 1150 323 publico
1173 267 1273 308 testi
1298 270 1519 322 patronum
1551 282 1671 310 suum

71 337 159 392 jam
181 336 275 376 inde
296 351 321 376 a
342 341 460 391 patre
481 343 606 390 atque
627 334 869 389 majoribus,
892 334 940 374 L.
958 333 1171 381 Flaccum,
1195 333 1466 373 mactandum
1488 331 1670 373 civitatis

74 400 318 442 testimonio
353 400 656 441 tradidissent?
719 399 815 439 Non
851 404 916 440 est
951 399 1022 447 ita,
1055 398 1231 451 judices,
1255 412 1339 437 non
1370 402 1435 437 est
1466 397 1669 451 profecto,

76 466 176 506 Vidi
197 481 274 520 ego
296 466 337 506 in
359 466 535 520 quodam
563 465 721 519 judicio
750 480 883 520 nuper
921 465 1193 504 Philodorum
1219 467 1372 504 testem
1403 461 1668 510 Trallianum,

73 531 157 572 vidi
195 530 478 579 Parrhasium,
514 530 595 570 vidi
634 530 947 579 Archidemum,
979 544 1106 584 quum
1138 528 1304 583 quidem
1336 527 1447 567 idem
1473 526 1540 567 hic
1572 527 1671 567 mihi

76 596 349 637 Maeandrius
370 596 487 651 quasi
516 595 778 636 ministrator
808 595 967 643 aderat,
995 594 1222 648 subjiciens
1243 593 1342 647 quid
1373 592 1414 632 in
1442 606 1539 632 suos
1561 591 1672 632 cives

74 662 365 717 civitatemque
402 661 437 702 si
473 661 619 702 vellem
655 660 847 701 dicerem.
924 659 1039 699 Nihil
1079 659 1188 699 enim
1224 658 1292 698 illo
1326 657 1493 698 homine
1527 657 1668 705 levius,

73 727 171 767 nihil
204 726 407 782 egentius,
442 726 543 766 nihil
574 725 844 781 inquinatius.
907 725 1044 776 Quare
1074 724 1109 764 si
1137 724 1247 764 hunc
1278 723 1434 764 habent
1454 727 1671 763 auctorem

75 792 271 832 Tralliani
294 791 448 832 doloris
476 791 552 839 sui,
586 791 620 831 si
652 791 761 831 hunc
795 790 1010 831 custodem
1042 789 1290 838 litterarum,
1324 788 1358 829 si
1386 788 1495 828 hunc
1516 792 1672 828 testem

72 856 259 911 injuriae,
292 857 327 896 si
358 857 468 896 hunc
498 861 712 896 auctorem
733 854 1005 910 querelarum,
1029 854 1252 894 remittant
1282 853 1466 907 spiritus,
1496 851 1672 906 compri-

71 928 189 962 mant
229 922 391 962 animos
423 935 534 969 suos,
572 921 721 961 sedent
761 919 1061 974 arrogantiam,
1099 918 1313 960 fateantur
1353 918 1396 958 in
1435 917 1671 958 Maeandrii

70 1001 249 1041 persona
280 1000 372 1027 esse
406 1000 649 1041 expressam
685 985 866 1040 speciem
899 984 1096 1025 civitatis.
1160 984 1234 1025 Sin
1259 984 1386 1024 istum
1419 997 1582 1038 semper
1614 982 1671 1022 illi

71 1051 151 1107 ipsi
183 1052 294 1092 domi
325 1052 623 1106 proterendum
656 1056 699 1092 et
730 1050 1057 1091 conculcandum
1082 1053 1348 1105 putaverunt,
1373 1048 1566 1088 desinant
1597 1063 1672 1103 pu-

70 1121 162 1157 tare
189 1117 489 1158 auctoritatem
521 1131 613 1157 esse
642 1116 683 1156 in
716 1130 764 1156 eo
799 1115 1042 1156 testimonio
1073 1116 1193 1169 cujus
1218 1120 1366 1155 auctor
1393 1113 1585 1154 inventus
1607 1119 1674 1155 est

70 1196 204 1222 nemo.
267 1181 458 1222 XXIII.
493 1181 576 1222 Sed
598 1196 804 1236 exponam
826 1181 925 1236 quid
954 1180 995 1220 in
1027 1195 1071 1220 re
1102 1180 1170 1229 sit,
1203 1184 1263 1229 ut,
1299 1180 1569 1233 quamobrem
1590 1179 1673 1219 ista

71 1247 219 1288 civitas
240 1262 373 1302 neque
395 1261 538 1287 severe
561 1246 761 1287 Flaccum
792 1245 1044 1301 oppugnarit
1069 1260 1203 1300 neque
1224 1245 1403 1299 benigue
1425 1243 1669 1292 defenderit,

71 1312 177 1353 scire
211 1312 396 1366 possitis.
460 1311 569 1352 Erat
608 1310 687 1365 [ei]
724 1311 984 1352 Castriciano
1016 1310 1183 1350 nomine
1210 1309 1345 1355 irata3
1381 1308 1431 1348 de
1464 1323 1545 1362 quo
1576 1312 1670 1348 toto

71 1377 289 1431 respondit
322 1376 604 1417 Hortensius:
642 1376 772 1416 invita
804 1376 986 1416 solverat
1023 1374 1227 1415 Castricio
1263 1373 1481 1428 pecuniam
1509 1373 1671 1427 jamdiu

71 1442 267 1482 debitam.
330 1441 445 1482 Hinc
483 1446 622 1482 totum
657 1440 808 1490 odium,
845 1440 941 1481 hinc
984 1439 1120 1480 omnis
1161 1439 1347 1479 offensio.
1411 1438 1503 1489 Quo
1545 1453 1672 1492 quum

70 1507 254 1549 venisset
293 1507 460 1548 Laelius
494 1507 546 1546 ad
579 1506 723 1555 iratos,
761 1510 804 1546 et
838 1506 938 1546 illud
974 1505 1282 1546 Castricianum
1315 1504 1461 1544 vulnus
1494 1503 1671 1543 dicendo

70 1573 340 1621 refricuisset,
375 1572 582 1613 siluerunt
617 1571 838 1626 principes,
876 1585 1009 1625 neque
1041 1570 1082 1610 in
1113 1570 1182 1610 illa
1209 1569 1404 1610 contione
1433 1568 1668 1618 adfuerunt,

70 1653 203 1693 neque
225 1638 345 1678 istius
366 1637 525 1678 decreti
553 1652 602 1677 ac
633 1636 865 1677 testimonii
896 1640 1093 1676 auctores
1116 1650 1207 1676 esse
1229 1634 1460 1675 voluerunt.
1524 1633 1671 1687 Usque

71 1718 120 1744 eo
141 1704 243 1744 orba
263 1702 342 1743 fuit
362 1703 415 1742 ab
438 1702 714 1757 optimatibus
742 1701 812 1742 illa
843 1700 983 1741 contio
1006 1705 1053 1740 ut
1075 1699 1266 1754 princeps
1297 1699 1527 1753 principum
1559 1703 1672 1739 esset

74 1768 374 1815 Maeandrius;
421 1768 542 1822 cujus
579 1767 722 1822 lingua
757 1766 877 1821 quasi
909 1765 1073 1806 flabello
1109 1763 1328 1805 seditionis
1369 1763 1437 1803 illa
1477 1768 1567 1803 tum
1607 1767 1673 1803 est

70 1834 284 1889 egentium
306 1833 446 1874 contio
468 1832 682 1873 ventilata.
729 1831 879 1886 Itaque
901 1830 1085 1872 civitatis
1106 1829 1316 1885 pudentis,
1340 1833 1388 1869 ut
1409 1843 1487 1883 ego
1509 1843 1672 1883 semper

71 1899 318 1948 existimavi,
354 1904 396 1940 et
430 1898 581 1953 gravis,
618 1902 667 1939 ut
703 1897 781 1952 ipsi
816 1896 1049 1937 existimari
1089 1895 1244 1943 volunt,
1283 1895 1446 1949 justum
1486 1893 1673 1934 dolorem

71 1963 340 2018 querelasque
362 1963 617 2017 cognoscite.
683 1963 799 2014 Quae
828 1961 1003 2016 pecunia
1024 1960 1152 2001 fuerit
1173 1959 1282 2014 apud
1305 1974 1348 1999 se
1373 1959 1515 1999 Flacci
1538 1958 1670 2013 patris

71 2029 237 2069 nomine
261 2027 453 2083 [collat-a]
487 2043 512 2068 a
543 2027 796 2074 civitatibus,
830 2027 936 2066 hanc
967 2040 992 2066 a
1023 2040 1067 2066 se
1096 2039 1187 2066 esse
1215 2025 1401 2065 ablatam
1423 2029 1669 2079 queruntur.

73 2094 171 2134 Alio
193 2093 283 2133 loco
306 2107 505 2147 quaeram
531 2091 630 2146 quid
662 2091 828 2132 licuerit
852 2090 1031 2131 Flacco:
1066 2104 1175 2130 nunc
1208 2093 1373 2129 tantum
1401 2104 1426 2129 a
1448 2089 1670 2129 Trallianis

891 2205 978 2224 some
996 2194 1103 2234 public
1124 2194 1312 2223 ceremonial
1334 2195 1368 2224 in
1390 2195 1514 2224 honour
1530 2195 1566 2224 of
1579 2195 1668 2225 Flac-

115 2200 205 2238 quasi
222 2198 439 2237 ministrator]
490 2197 569 2227 Like
593 2206 653 2226 one
676 2196 745 2226 who
771 2206 845 2235 sup-

890 2238 954 2267 cus’
973 2237 1084 2273 father,
1107 2237 1177 2265 who
1193 2237 1253 2266 had
1278 2237 1358 2267 been
1381 2247 1535 2275 governor
1557 2238 1592 2267 of
1614 2239 1670 2268 the

71 2242 150 2282 plies
166 2242 220 2271 the
230 2241 399 2280 gladiators
409 2241 485 2270 with
500 2250 594 2275 arms,
612 2250 644 2269 as
656 2240 730 2278 they
746 2239 844 2277 fight3

1991 92 1994 110 Α-
1985 0 1993 79 -νντι

71 2295 106 2315 as
121 2285 175 2315 the
193 2285 346 2314 Scholiast
359 2294 439 2322 says.

116 2331 278 2358 auctorem
297 2351 302 2357 .
323 2350 329 2356 .
349 2349 355 2356 .
374 2326 508 2365 doloris]
557 2325 648 2355 After
664 2324 727 2354 this
744 2333 847 2353 comes

74 2373 81 2387 ‘
94 2374 253 2400 auctorem
271 2368 490 2410 querelarum.’
538 2369 609 2398 One
631 2368 772 2407 explains
794 2366 848 2396 the

73 2414 173 2444 other.
222 2414 317 2443 Klotz
336 2414 368 2442 in
384 2413 433 2442 his
452 2416 542 2441 notes
565 2412 621 2441 has
642 2410 796 2450 proposed
814 2414 847 2439 to

73 2460 200 2495 corrupt
217 2460 224 2473 ‘
236 2461 396 2486 auctorem
420 2455 617 2495 querelarum
631 2453 637 2465 ⁷
658 2454 724 2483 into
742 2457 749 2469 ‘
761 2457 847 2482 acto-

72 2509 138 2529 rem
155 2498 374 2538 querelarum.'

119 2543 169 2571 23.
194 2541 420 2580 resricuisset‚]
471 2540 528 2570 See
554 2540 614 2569 Pro
642 2539 739 2574 Sulla,
767 2548 794 2568 c.
818 2538 848 2567 6.

73 2587 126 2606 -—‘
138 2584 292 2614 siluerunt
305 2583 323 2613 ε’
350 2583 583 2618 ‘exsiluerunt‚'
604 2582 646 2612 H.
660 2581 849 2620 Stephanus,

75 2627 154 2656 from
171 2637 211 2655 an
227 2627 278 2656 old
289 2627 397 2662 codex,
414 2637 450 2655 or
464 2627 545 2655 from
562 2636 644 2655 none
660 2629 692 2654 at
708 2625 748 2654 all
765 2624 851 2663 quite

75 2680 109 2699 as
125 2669 231 2707 likely.
279 2669 374 2698 Klotz
398 2669 424 2698 is
444 2669 579 2698 inclined
597 2673 629 2698 to
647 2668 749 2707 prefer
774 2671 781 2683 ‘
795 2677 848 2696 ex-

75 2711 306 2742 siluerunt.'—-‘
322 2712 431 2750 Usque
447 2712 546 2747 adeo,’
565 2712 616 2747 V..
635 2711 750 2740 Baiter.

125 2756 211 2789 Quae
223 2754 378 2793 pecunia]
426 2754 495 2783 The
511 2754 595 2783 word
608 2758 615 2771 ⁴
628 2752 759 2783 collata'
776 2753 802 2782 is
818 2753 849 2782 in

77 2797 113 2827 F.
130 2797 216 2836 only,
236 2797 403 2835 according
425 2800 458 2826 to
484 2797 600 2826 Baiter.
644 2796 713 2826 The
736 2806 851 2834 money

77 2840 152 2869 here
168 2840 273 2869 talked
294 2839 329 2869 of
341 2850 402 2868 was
418 2850 436 2868 a
462 2839 675 2869 contribution
700 2839 780 2868 from
798 2839 851 2868 the

79 2887 176 2912 states
204 2882 238 2912 of
254 2882 329 2912 Asia
352 2882 399 2911 for
422 2882 612 2921 celebrating
636 2892 654 2911 a
670 2882 792 2911 festival
817 2892 853 2911 or

891 2280 1048 2320 province.
1084 2280 1152 2309 The
1163 2279 1272 2309 Verria
1285 2290 1365 2310 were
1375 2290 1393 2309 a
1407 2281 1531 2310 Sicilian
1546 2281 1669 2311 festival

892 2322 1080 2353 established
1105 2323 1137 2351 in
1164 2322 1287 2352 honour
1317 2323 1352 2352 of
1374 2323 1488 2353 Verres
1520 2323 1606 2362 (Vol.
1639 2324 1667 2353 Ι.

892 2366 981 2395 Verr.
1010 2366 1041 2394 ii.
1066 2367 1096 2395 4.
1121 2375 1148 2394 c.
1180 2365 1251 2405 10);
1276 2365 1337 2395 and
1363 2366 1418 2395 the
1443 2366 1605 2396 Marcellia
1634 2367 1668 2396 in

892 2409 1016 2438 honour
1042 2408 1077 2437 of
1103 2408 1274 2437 Marcellus
1300 2408 1404 2448 (Vei-r.
1428 2409 1460 2438 ii.
1486 2412 1516 2439 2.
1544 2420 1570 2439 c.
1597 2409 1665 2447 21).

892 2452 961 2481 The
992 2451 1099 2480 Mucia
1129 2451 1159 2479 in
1192 2450 1268 2480 Asia
1298 2461 1379 2481 were
1412 2452 1603 2481 established
1633 2452 1666 2481 in

892 2495 1016 2524 honour
1041 2493 1076 2523 of
1095 2503 1134 2522 an
1159 2493 1352 2523 honourable
1374 2504 1457 2529 man,
1482 2495 1522 2527 Q.
1540 2495 1666 2524 Mucius

896 2537 1050 2566 Scaevola.
1112 2536 1177 2565 But
1211 2537 1368 2575 generally
1402 2537 1492 2566 these
1527 2537 1666 2566 festivals

895 2590 974 2609 were
999 2580 1052 2609 the
1068 2579 1128 2608 vile
1149 2579 1271 2617 flattery
1288 2579 1323 2608 of
1342 2579 1396 2608 the
1422 2580 1551 2609 Greeks,
1597 2579 1666 2609 The

899 2624 1019 2653 Roman
1045 2631 1212 2661 governor-s
1239 2622 1359 2650 treated
1383 2622 1437 2651 the
1464 2623 1616 2651 tlatterers
1632 2632 1666 2651 as

894 2667 968 2705 they
986 2665 1144 2694 desei-ved.
1191 2664 1278 2703 They
1295 2665 1381 2693 often
1398 2665 1472 2693 took
1484 2665 1536 2693 the
1553 2674 1666 2703 money

895 2710 963 2739 that
978 2719 1040 2738 was
1061 2707 1241 2737 subscribed
1259 2707 1305 2736 for
1320 2707 1374 2735 the
1398 2707 1543 2742 festivals,
1561 2717 1596 2736 or
1619 2707 1667 2736 for

895 2762 982 2781 some
1018 2755 1130 2780 statue.
1188 2750 1296 2779 Cicero
1323 2750 1397 2778 does
1428 2754 1482 2778 not
1513 2760 1565 2788 say
1599 2750 1668 2779 that

897 2795 1024 2824 Flaccus
1052 2794 1104 2823 ‹lid
1134 2796 1190 2822 not
1224 2794 1296 2822 take
1326 2792 1379 2821 the
1415 2802 1537 2830 money.
1597 2792 1668 2822 One

897 2848 968 2876 may
1005 2847 1068 2876 say-
1088 2836 1124 2865 of
1152 2835 1288 2866 Cicero’s
1318 2835 1445 2865 defence
1475 2835 1579 2868 ‘Quid
1610 2835 1669 2865 hoc

896 2880 1112 2920 impudentius
1124 2880 1135 2908 ?
1145 2878 1152 2891 '
