2002 3235
734 187 867 228 GAP.
892 189 1074 227 10-12.
1651 190 1700 230 69

106 319 156 345 ne
187 304 351 359 quando
383 303 523 344 obsint
554 301 783 357 providere.
847 301 1018 342 Mentes
1041 299 1149 340 enim
1171 300 1385 341 hominum
1406 301 1702 342 audacissimo-

105 384 196 409 rum
217 368 443 410 sceleratae
468 383 516 408 ac
546 367 726 408 nefariae
749 382 799 407 ne
823 367 939 407 vobis
961 380 1112 407 nocere
1135 372 1308 420 possent
1329 381 1405 419 ego
1428 366 1613 419 providi:
1652 381 1702 406 ne

106 434 205 474 mihi
236 440 416 475 noceant
447 439 631 474 vestrum
663 438 727 474 est
761 432 988 486 providere.
1052 432 1322 486 Quamquam,
1365 431 1561 483 Quirites,
1599 432 1702 473 mihi

107 499 272 554 quidem
294 499 370 554 ipsi
393 499 493 539 nihil
514 500 566 539 ab
588 499 681 539 istis
701 499 788 551 jam
811 497 949 538 noceri
972 503 1127 552 potest.
1193 497 1399 551 Magnum
1429 496 1538 536 enim
1568 502 1634 538 est
1662 497 1703 537 in

107 565 227 605 bonis
248 564 495 619 praesidium
519 564 629 618 quod
652 563 750 603 mihi
779 563 819 603 in
841 568 1093 618 perpetuum
1114 568 1403 616 comparatum
1425 566 1516 609 est;
1551 576 1703 617 magna

108 630 149 670 in
172 644 215 670 re
236 630 402 684 publica
423 629 607 684 dignitas
628 644 733 683 quae
761 643 826 668 me
861 642 1024 682 semper
1053 627 1185 668 tacita
1206 627 1401 667 defendet
1422 645 1432 674 3
1468 641 1621 681 magna
1643 627 1703 667 vis

108 699 172 735 est
193 694 471 735 conscientiae
493 709 616 749 quam
639 694 708 748 qui
734 693 953 748 negligunt
977 707 1100 747 quum
1123 707 1188 733 me
1210 692 1362 732 violare
1384 691 1524 732 volent
1545 706 1589 731 se
1620 691 1699 745 ipsi

108 759 364 800 indicabunt.
428 759 508 800 Est
529 759 656 800 etiam
681 758 763 813 [in]
790 758 907 798 nobis
928 757 963 798 is
984 757 1157 807 animus,
1180 757 1375 809 Quirites,
1400 761 1448 797 ut
1470 771 1552 796 non
1576 757 1702 797 modo

109 825 259 865 nullius
280 824 477 865 audaciae
499 825 707 872 cedamus,
742 824 816 864 sed
847 823 975 864 etiam
1006 837 1150 863 omnes
1175 822 1387 877 improbos
1408 822 1518 862 ultro
1540 836 1704 876 semper

108 891 379 931 lacessamus.
441 890 561 941 Quod
590 890 623 930 si
652 890 786 930 omnis
807 889 989 944 impetus
1012 888 1335 928 domesticorum
1359 888 1543 928 hostium
1565 888 1704 942 depul-

109 970 180 995 sus
210 970 235 995 a
266 955 380 995 vobis
417 970 461 995 se
494 955 534 995 in
566 970 632 995 me
665 970 794 995 unum
829 953 1098 1002 converterit,
1131 953 1246 993 vobis
1280 953 1360 993 erit
1391 953 1702 1008 providendum,

112 1020 310 1071 Quirites,
344 1035 426 1075 qua
456 1020 693 1061 conditione
726 1019 904 1075 posthac
934 1033 1007 1059 eos
1039 1033 1128 1058 esse
1150 1018 1285 1059 velitis
1306 1018 1374 1072 qui
1404 1033 1448 1058 se
1475 1033 1548 1072 pro
1570 1018 1704 1059 salute

109 1090 249 1125 vestra
273 1085 501 1126 obtulerint
528 1085 706 1125 invidiae
735 1083 1012 1139 periculisque
1036 1083 1241 1123 omnibus.
1305 1083 1413 1123 Mihi
1436 1083 1604 1138 quidem
1628 1083 1703 1137 ipsi

110 1150 208 1204 quid
229 1156 295 1191 est
314 1150 423 1205 quod
440 1150 529 1204 jam
550 1151 602 1190 ad
626 1150 736 1190 vitae
759 1150 941 1189 fructum
964 1148 1097 1203 possit
1118 1148 1291 1203 acquiri,
1313 1149 1560 1204 praesertim
1578 1163 1705 1203 quum

110 1230 244 1270 neque
272 1215 313 1255 in
345 1216 501 1255 honore
523 1220 676 1263 vestro,
707 1229 841 1269 neque
872 1215 914 1254 in
944 1214 1077 1269 gloria
1098 1213 1265 1254 virtutis
1296 1214 1523 1268 quidquam
1545 1214 1705 1254 videam

109 1280 236 1321 altius
269 1295 350 1335 quo
383 1280 483 1320 mihi
513 1279 642 1320 libeat
671 1279 929 1320 ascendere?
993 1278 1101 1318 Illud
1132 1278 1320 1332 profecto
1352 1278 1581 1333 perficiam,
1607 1278 1705 1329 Qui-

111 1345 226 1394 riteS,
251 1351 298 1386 ut
329 1359 377 1385 ea
407 1359 512 1399 quae
542 1344 652 1398 gessi
684 1344 726 1383 in
758 1343 978 1384 consulatu
1009 1343 1196 1397 privatus
1227 1348 1348 1383 tuear
1379 1348 1506 1397 atque
1539 1357 1701 1391 ornem3

111 1416 160 1451 ut
187 1410 221 1450 si
253 1425 333 1464 qua
364 1416 429 1451 est
459 1409 611 1450 invidia
646 1409 727 1462 [in]
762 1409 1045 1449 conservanda
1077 1423 1121 1448 re
1151 1408 1316 1462 publica
1343 1413 1540 1463 suscepta
1568 1408 1706 1448 laedat

113 1475 284 1524 invidos,
327 1475 426 1515 mihi
461 1475 599 1515 valeat
629 1475 683 1514 ad
713 1474 900 1527 gloriam.
965 1472 1157 1527 Denique
1193 1473 1253 1513 ita
1292 1487 1357 1513 me
1393 1473 1433 1512 in
1467 1488 1510 1513 re
1541 1473 1708 1528 publica

110 1541 305 1580 tractabo
346 1545 393 1580 ut
432 1539 689 1580 meminerim
723 1554 886 1593 semper
923 1553 1030 1593 quae
1065 1538 1279 1592 gesserim,
1315 1552 1538 1592 curemque
1571 1544 1619 1578 ut
1658 1552 1708 1578 ea

111 1605 268 1646 virtute
290 1620 371 1645 non
393 1619 492 1646 casu
513 1610 635 1659 gesta
657 1619 746 1645 esse
768 1604 1001 1644 videantur.
1056 1602 1158 1653 VOS,
1186 1603 1382 1655 Quirites,
1408 1603 1602 1657 quoniam
1619 1603 1708 1657 jam

113 1717 209 1748 MSS.
226 1717 306 1747 have
323 1720 329 1734 ‘
343 1720 427 1747 recte
443 1716 525 1746 facta
541 1726 598 1746 sua
608 1716 625 1753 ;’
651 1716 711 1745 and
729 1720 791 1745 two
808 1716 886 1745 have

114 1765 121 1778 ‘
133 1771 188 1790 sua
203 1761 284 1790 facta
299 1759 405 1790 reete.'
452 1763 459 1777 ‘
476 1760 538 1789 Sua
559 1763 644 1789 recte
662 1760 744 1789 facta
757 1758 763 1770 '
780 1760 806 1788 is
830 1762 886 1788 not

113 1804 209 1834 found
226 1804 258 1833 in
275 1814 335 1842 any
353 1803 424 1832 MS.

157 1846 258 1885 ultro]
289 1846 339 1875 He
354 1846 416 1875 will
435 1849 490 1875 not
513 1844 595 1884 yield
618 1848 651 1874 to
672 1844 726 1874 the
743 1844 885 1874 ‘audaci-

114 1889 214 1924 ores;’
239 1890 278 1919 he
294 1889 356 1918 will
379 1898 456 1918 even
482 1888 592 1928 (ultro)
610 1888 715 1918 attack
739 1888 793 1917 the
813 1887 884 1917 bad.

115 1934 174 1963 See
190 1933 260 1961 Vol.
280 1933 305 1962 Ι.
324 1932 434 1961 Index·

157 1985 256 2014 neque
280 1977 312 2004 in
336 1976 454 2004 lzonore
476 1975 589 2009 vestro,
613 1983 711 2012 neque
734 1974 766 2002 in
781 1974 887 2011 qloria

114 2018 260 2057 virtutis]
292 2018 385 2047 Halm
411 2020 522 2056 quotes
545 2027 562 2045 a
586 2026 715 2055 passage
736 2016 816 2045 from
833 2016 887 2045 the

115 2061 237 2091 oration
256 2061 313 2090 Pro
331 2061 389 2090 Cn.
408 2060 545 2094 Plancio,
563 2069 588 2088 c.
606 2061 666 2089 25:
685 2063 702 2075 ‘⁴
717 2059 755 2088 In
773 2059 888 2088 virtute

116 2104 206 2133 multi
234 2108 308 2133 sunt
333 2112 490 2137 ascensus,
518 2105 553 2131 ut
580 2102 605 2131 is
632 2102 730 2140 gloria
753 2102 888 2131 maxime

115 2147 246 2176 excellat
284 2146 337 2185 qui
375 2146 489 2174 virtute
519 2145 690 2184 plurimum
728 2148 886 2183 praestett

116 2189 271 2219 honorum
294 2189 401 2228 populi
425 2188 496 2217 finis
522 2191 569 2216 est
596 2187 776 2216 consulatus
793 2197 885 2226 quem

115 2232 333 2271 magistratum
358 2232 423 2270 jam
449 2231 620 2268 octingenti
644 2230 707 2259 fere
728 2230 887 2258 consecuti

116 2279 199 2304 sunt.
248 2275 369 2304 Horum
387 2275 411 2303 si
428 2274 592 2312 diligenter
613 2282 743 2312 quaeras
760 2273 810 2301 vix
834 2272 887 2301 de-

117 2318 228 2347 cimam
265 2323 384 2357 partem
416 2317 551 2356 reperies
588 2316 686 2354 gloria
724 2314 885 2353 dignam.''

119 2361 203 2391 Here
226 2360 266 2390 he
287 2371 356 2399 says
380 2360 449 2389 that
473 2359 594 2388 neither
617 2359 648 2388 in
672 2358 727 2387 the
748 2358 886 2387 honours

117 2403 278 2433 conferred
302 2403 342 2442 by
358 2403 413 2432 the
436 2402 547 2441 people
570 2412 627 2431 nor
650 2402 682 2430 in
706 2401 886 2440 reputation

116 2446 165 2475 for
180 2446 280 2475 virtue
302 2446 376 2475 does
400 2445 440 2475 he
463 2455 513 2474 see
536 2455 596 2483 any
620 2444 730 2483 higher
751 2444 838 2482 place
853 2447 886 2472 to

117 2489 218 2528 aspirc
242 2492 285 2518 to.
331 2489 399 2518 The
422 2488 531 2517 notion
550 2488 586 2516 of
606 2487 701 2526 Glory
730 2487 784 2515 has
809 2486 887 2515 been

116 2531 279 2570 explained
296 2532 326 2560 in
343 2531 474 2560 another
498 2531 584 2569 place
605 2529 689 2569 (Vol.
709 2529 754 2558 ΙΙ.
774 2530 833 2558 Pro
850 2528 886 2558 C.

120 2574 257 2610 Rabirio,
275 2585 301 2603 c.
322 2573 386 2614 ll).
420 2574 449 2603 It
466 2574 491 2603 is
507 2573 575 2602 that
592 2573 692 2602 which
709 2572 799 2601 other
817 2581 887 2600 men

117 2617 209 2646 think
225 2617 285 2646 and
302 2626 354 2655 say
371 2617 406 2645 of
420 2627 438 2645 a
455 2626 545 2645 man:
572 2626 611 2644 no
635 2625 730 2644 more.
777 2615 888 2643 Virtue

117 2660 143 2688 is
169 2659 223 2688 the
253 2660 373 2688 Roman
401 2659 512 2688 virtue
539 2659 563 2687 it
589 2659 615 2687 is
642 2663 697 2686 not
723 2657 777 2687 the
798 2657 888 2694 thing

118 2702 218 2731 which
246 2702 270 2731 is
297 2702 413 2740 loosely
442 2701 630 2731 understood
659 2701 699 2739 by
726 2710 783 2729 our
807 2706 887 2728 term

118 2744 238 2773 Virtue.
286 2744 317 2773 It
337 2745 363 2773 is
387 2745 441 2773 the
468 2744 571 2783 manly
589 2744 747 2773 character
771 2752 804 2772 as
831 2753 887 2781 op-

118 2787 215 2826 posed
232 2791 264 2815 to
281 2787 333 2815 the
349 2787 497 2816 feminine
511 2799 517 2822 ς
542 2787 595 2816 the
611 2790 730 2824 strong,
747 2785 800 2815 the
816 2796 888 2814 cou-

119 2839 261 2867 ragcous,
288 2829 349 2858 and
376 2829 429 2859 the
453 2830 575 2864 honest,
594 2829 651 2858 but
679 2829 717 2857 its
744 2828 890 2857 essential

120 2872 278 2901 character
293 2872 318 2901 is
337 2871 482 2901 devotion
505 2875 538 2901 to
561 2872 615 2901 the
633 2871 832 2905 Fatherland,
857 2874 889 2900 to

122 2914 232 2945 Rome.
267 2913 341 2953 (See
358 2917 431 2944 note
446 2924 487 2944 on
503 2914 557 2944 the
574 2914 709 2944 Carmen
726 2913 890 2943 Saeculare

931 1715 966 1745 of
982 1715 1118 1751 Horace,
1132 1725 1160 1744 V.
1175 1716 1226 1751 57,
1240 1714 1432 1744 Macleane’s
1448 1713 1512 1753 ed.)
1553 1716 1571 1730 ‘⁶
1585 1713 1629 1743 Ce
1645 1724 1706 1754 que

928 1758 1077 1798 j⁷appelle
1107 1758 1136 1787 la
1155 1762 1244 1787 vertu
1266 1757 1342 1786 dans
1368 1767 1429 1786 une
1452 1756 1638 1795 republique
1659 1761 1706 1786 est

931 1802 1066 1831 l’amour
1091 1801 1129 1830 de
1156 1801 1185 1829 la
1209 1801 1318 1838 patrie,
1339 1800 1416 1829 c'est
1440 1798 1458 1829 a
1481 1800 1547 1829 dire
1574 1798 1707 1829 l'amour

931 1844 969 1873 de
986 1843 1149 1883 l’e‘galite”
1169 1842 1433 1882 (Montesquieu).
1468 1843 1537 1872 The
1553 1843 1621 1871 first
1638 1848 1707 1881 part

931 1887 968 1917 of
980 1887 1033 1916 the
1049 1887 1213 1916 definition
1231 1886 1256 1915 is
1272 1890 1360 1915 true:
1386 1886 1441 1915 the
1457 1885 1658 1924 explanation
1675 1886 1710 1915 of

931 1930 985 1960 the
1001 1930 1163 1959 definition
1179 1930 1205 1958 is
1221 1928 1308 1963 false,
1325 1939 1361 1958 01·
1376 1929 1400 1957 it
1416 1929 1441 1957 is
1458 1929 1653 1967 ambiguous.

970 1974 1120 2011 privatus
1137 1971 1245 2010 tuear]
1277 1972 1326 2001 He
1343 1981 1412 2010 says
1431 1971 1495 2010 (Ad
1509 1972 1574 2001 Art.
1592 1971 1612 2000 i.
1635 1970 1703 2009 19):

933 2016 1034 2054 “Ego
1061 2019 1178 2050 autem,
1204 2018 1239 2043 ut
1264 2015 1359 2044 semel
1388 2014 1554 2043 Nonarum
1581 2014 1706 2043 illarum

933 2058 1156 2088 Decembrium
1178 2058 1319 2095 junctam
1336 2057 1452 2086 invidia
1474 2067 1510 2086 ac
1534 2058 1706 2086 multorum

931 2101 1104 2130 inimicitiis
1120 2100 1264 2129 eximiam
1283 2100 1440 2139 quandam
1458 2104 1552 2139 atque
1577 2100 1706 2129 immor-

933 2144 1027 2173 talem
1052 2144 1182 2182 gloriam
1208 2147 1393 2172 consecutus
1418 2153 1497 2178 sum,
1515 2152 1578 2171 non
1600 2143 1706 2172 destiti

932 2187 1039 2216 eadem
1056 2186 1151 2215 animi
1169 2186 1384 2224 magnitudine
1398 2185 1431 2214 in
1447 2196 1481 2215 re
1497 2185 1622 2224 publica
1638 2196 1705 2214 ver-

933 2230 991 2258 sari
1008 2233 1039 2258 et
1055 2229 1138 2258 illam
1156 2229 1334 2258 institutam
1351 2238 1386 2257 ac
1402 2232 1580 2267 susceptam
1604 2228 1706 2267 digni-

931 2275 1029 2301 tatem
1046 2270 1160 2301 tueri.'’

976 2316 1079 2344 valeat
1095 2314 1137 2343 ad
1150 2313 1316 2352 qloriam]
1347 2313 1505 2343 “Etenim
1522 2314 1581 2343 ista
1593 2323 1704 2353 quaes-

931 2360 1003 2386 tura
1025 2357 1063 2386 ad
1088 2366 1156 2385 eam
1180 2366 1246 2385 rem
1263 2357 1344 2385 valet
1366 2355 1434 2392 ut,”
1459 2358 1514 2385 &c.
1576 2356 1647 2386 Vol.
1677 2356 1704 2386 Ι.

934 2400 1038 2429 Divin.
1057 2410 1082 2428 c.
1105 2401 1151 2429 19.
1200 2399 1285 2428 Here
1302 2399 1341 2428 he
1357 2409 1446 2438 says:
1472 2402 1490 2415 ‘⁴
1505 2399 1584 2434 that,
1601 2399 1627 2428 if
1643 2409 1703 2437 any

932 2443 964 2472 ill
981 2443 1042 2471 will
1058 2442 1113 2471 has
1131 2442 1207 2471 been
1225 2446 1333 2480 gotten
1355 2441 1395 2481 by
1414 2442 1520 2479 saving
1544 2442 1598 2471 the
1614 2445 1704 2477 state,

931 2486 956 2514 it
973 2495 1042 2524 may
1059 2489 1132 2514 turn
1148 2489 1181 2514 to
1197 2485 1251 2513 the
1267 2485 1397 2523 damage
1413 2485 1446 2514 of
1460 2485 1550 2514 those
1567 2485 1636 2513 who
1653 2494 1704 2513 are

932 2528 986 2558 the
1012 2537 1104 2557 cause
1130 2527 1166 2556 ot'
1188 2527 1222 2563 it,
1248 2527 1304 2556 but
1327 2532 1360 2556 to
1380 2537 1431 2566 my
1447 2526 1571 2566 glory.'’
1622 2527 1704 2555 llere

934 2575 941 2587 ‘
955 2570 1089 2600 invidia’
1105 2580 1212 2599 means
1229 2570 1287 2599 evil
1301 2574 1406 2609 report
1422 2570 1517 2599 about
1535 2580 1552 2599 a
1570 2579 1651 2604 man,
1669 2579 1705 2598 or

932 2614 965 2643 ill
992 2614 1053 2642 will
1080 2613 1214 2642 towards
1239 2613 1314 2647 him,
1340 2613 1401 2642 and
1426 2613 1478 2641 the
1501 2612 1634 2641 ‘invidi’
1652 2622 1704 2640 are

932 2657 1022 2685 those
1039 2656 1107 2684 who
1125 2656 1202 2685 have
1218 2656 1329 2685 caused
1347 2657 1378 2684 it.
1428 2656 1485 2684 See
1502 2660 1574 2683 note
1591 2664 1631 2683 on
1651 2654 1703 2683 ln-

933 2700 1023 2734 vidia,
1044 2699 1111 2727 Vol.
1132 2699 1176 2727 ΙΙ.
1197 2699 1255 2727 l'ro
1272 2698 1428 2732 Cluentio,
1447 2708 1471 2726 c.
1494 2698 1519 2726 l.

976 2742 1230 2780 nze-tractabo]
1274 2741 1307 2770 ‘1
1333 2741 1394 2769 will
1417 2750 1450 2769 so
1475 2739 1610 2767 conduct
1635 2749 1702 2777 my-

934 2784 1013 2813 self.’
1060 2783 1109 2812 Ad
1141 2784 1227 2814 Fam.
1260 2784 1323 2813 xiii.
1359 2784 1396 2812 12
1429 2783 1465 2810 he
1496 2792 1565 2820 says
1580 2793 1586 2810 z
1628 2784 1646 2797 “
1662 2781 1700 2814 Q.

936 2827 1075 2856 Fufidius
1101 2826 1161 2855 fuit
1194 2827 1227 2855 in
1261 2826 1368 2855 Cilicia
1403 2834 1525 2854 mecum
1559 2823 1704 2853 tribunus

935 2870 1081 2906 militum,
1106 2879 1167 2909 quo
1194 2870 1226 2899 in
1252 2877 1381 2898 munere
1405 2868 1449 2896 ita
1471 2877 1503 2896 sc
1522 2865 1702 2902 tractavit,”

936 2914 992 2943 &a
