2002 3235
768 165 902 207 GAP.
935 168 1003 218 32,
1038 169 1106 208 33.
1660 170 1745 214 397

133 279 285 335 populo
313 279 480 335 placato
502 283 602 321 sunt
622 278 665 320 in
694 294 812 320 suam
833 280 1055 337 pristinam
1078 279 1333 335 dignitatem
1354 281 1559 323 restituti.
1623 284 1745 335 Quod

135 345 171 386 si
211 345 276 385 his
317 344 531 386 damnatis
578 359 663 386 non
703 346 827 387 modo
868 361 952 386 non
998 345 1210 386 imminuit
1255 345 1474 388 calamitas
1526 347 1745 389 clarissimi

134 409 314 451 nominis
354 410 542 465 gloriam,
587 411 661 451 sed
699 411 826 451 etiam
859 411 1259 452 honestavit—nam
1301 411 1381 452 etsi
1417 412 1645 467 optabilius
1679 419 1746 455 est

135 491 304 517 cursum
325 476 436 517 vitae
460 476 667 517 conficere
687 476 776 517 sine
802 476 942 518 dolore
965 482 1009 518 et
1030 477 1119 518 sine
1150 476 1314 531 injuria,
1338 481 1479 518 tamen
1501 478 1556 518 ad
1578 477 1745 519 immor-

133 541 345 582 talitatem
376 541 534 596 gloriae
566 541 660 597 plus
691 542 816 584 affert
837 542 1122 584 desideratum
1145 557 1236 583 esse
1264 557 1289 583 a
1314 542 1401 583 suis
1429 542 1588 584 civibus
1621 559 1747 599 quam

136 607 304 648 omnino
345 622 574 662 numquam
610 622 702 649 esse
743 608 1106 649 violatum—mihi
1147 608 1236 649 sine
1277 608 1362 648 ullo
1402 608 1562 662 judicio
1603 610 1746 664 populi

134 673 329 727 profecto
372 688 468 714 cum
514 673 785 728 amplissimis
826 673 1013 714 omnium
1056 673 1227 727 judiciis
1274 674 1490 715 restitutio
1531 675 1745 717 maledicti

132 737 271 778 locum
293 743 368 779 aut
389 738 575 779 criminis
592 738 829 780 obtinebit?
893 738 1039 779 Fortis
1055 744 1099 780 et·
1121 743 1322 780 constans
1335 739 1377 779 in
1400 739 1559 794 optima
1581 740 1746 781 ratione

133 803 235 844 civis
278 804 329 845 P.
368 803 573 859 Popillius
614 818 778 859 semper
817 804 923 852 fuit3
970 809 1113 845 tamen
1155 805 1246 859 ejus
1286 804 1327 844 in
1369 804 1481 845 omni
1521 804 1609 846 vita
1644 805 1747 846 nihil

133 874 199 910 est
235 870 289 910 ad
324 869 491 910 laudem
532 869 737 909 illustrius
778 884 905 924 quam
938 869 1157 911 calamitas
1197 870 1302 924 ipsa.
1366 870 1470 922 Quis
1511 870 1621 911 enim
1656 871 1747 925 jam

132 934 392 975 meminisset
417 949 511 975 eum
544 934 651 975 bene
683 934 734 975 de
756 949 801 974 re
832 934 999 989 publica
1029 934 1240 983 meritum,
1276 934 1355 975 nisi
1387 941 1429 975 et
1461 935 1514 975 ab
1545 935 1746 990 improbis

133 1000 331 1055 expulsus
367 1004 481 1041 esset
515 1004 559 1041 et
594 1014 669 1054 per
704 1000 838 1040 bonos
879 1000 1136 1041 restitutus?
1199 1000 1249 1051 Q.
1281 1000 1448 1041 Metelli
1484 1001 1746 1056 praeclarum

132 1065 352 1120 imperium
390 1065 433 1106 in
468 1080 513 1105 re
548 1064 720 1106 militari
759 1065 852 1115 fuit,
891 1066 1061 1121 egregia
1094 1080 1282 1115 censura,
1326 1066 1461 1107 omnis
1495 1066 1582 1107 vita
1623 1067 1746 1122 plena

131 1130 384 1185 gravitatis3
421 1135 562 1171 tamen
602 1130 727 1185 hujus
758 1130 834 1171 viri
874 1131 1040 1171 laudem
1076 1131 1129 1171 ad
1164 1130 1464 1186 sempiternam
1500 1132 1745 1173 memoriam

132 1196 335 1252 temporis
373 1195 594 1237 calamitas
623 1196 887 1251 propagavit.
952 1196 1199 1237 XXXIII.
1234 1197 1357 1249 Quod
1393 1196 1427 1237 si
1464 1201 1508 1238 et
1544 1197 1637 1248 illis,
1674 1198 1745 1253 qui

132 1262 293 1317 expulsi
322 1267 422 1304 sunt
453 1262 607 1317 inique,
629 1262 703 1302 sed
734 1267 877 1303 tamen
902 1262 1076 1317 legibus,
1110 1262 1274 1303 reducti
1299 1262 1479 1302 inimicis
1508 1262 1746 1304 interfectis

131 1327 425 1382 rogationibus
450 1327 700 1376 tribuniciis,
724 1342 807 1367 non
829 1327 1088 1368 auctoritate
1122 1332 1308 1377 senatus,
1332 1342 1415 1367 non
1438 1328 1619 1370 comitiis
1650 1344 1745 1369 cen-

131 1392 314 1442 turiatis,
352 1407 436 1433 non
471 1392 653 1433 decretis
692 1392 852 1442 Italiae,
893 1407 977 1433 non
1003 1392 1209 1433 desiderio
1252 1392 1448 1442 civitatis,
1485 1393 1745 1435 inimicorum

131 1457 285 1512 injuria
320 1459 474 1513 probro
507 1473 591 1498 non
624 1458 730 1503 fuit;
776 1457 818 1497 in
851 1472 931 1507 me,
965 1458 1035 1513 qui
1069 1458 1285 1513 profectus
1318 1472 1412 1498 511111
1447 1458 1624 1513 integer,
1659 1459 1744 1499 afui

131 1522 255 1563 simul
291 1538 386 1563 culn
411 1538 455 1563 re
486 1523 666 1578 publica,
692 1522 797 1563 redii
823 1537 918 1562 cum
950 1522 1133 1563 maxima
1155 1523 1376 1578 dignitate,
1409 1528 1452 1564 te
1475 1523 1578 1574 vivo,
1612 1524 1743 1565 fratre

130 1593 205 1629 tuo
227 1588 361 1629 altero
393 1588 561 1628 consule
593 1588 833 1636 reducente,
866 1588 998 1629 altero
1021 1594 1218 1643 praetore
1249 1593 1436 1643 petente,
1460 1594 1578 1630 tuum
1607 1590 1743 1630 scelus

129 1669 269 1695 meum
291 1654 489 1709 probrum
511 1658 636 1708 putas
665 1668 757 1694 esse
789 1655 1013 1709 oportere?
1074 1654 1141 1694 Ac
1170 1654 1206 1694 si
1231 1668 1296 1694 me
1323 1654 1499 1709 populus
1526 1654 1744 1695 Romanus

129 1719 332 1761 incitatus
366 1719 584 1759 iracundia
611 1724 688 1760 aut
718 1718 874 1760 invidia
896 1734 918 1759 e
946 1718 1119 1759 civitate
1141 1718 1349 1773 ejecisset,
1374 1719 1566 1775 idemque
1592 1725 1743 1775 postea

129 1799 223 1825 mea
243 1784 285 1825 in
306 1799 394 1824 rem
416 1784 625 1839 publicam
656 1784 862 1825 beneficia
893 1784 1141 1825 recordatus
1166 1798 1211 1825 se
1242 1784 1493 1838 collegisset,
1527 1786 1741 1827 temerita-

129 1855 215 1891 tem
247 1855 376 1904 atque
407 1850 605 1904 injuriam
630 1865 751 1891 suam
782 1849 1055 1891 restitutione
1088 1864 1180 1890 mea
1211 1850 1565 1904 reprehendisset,
1599 1856 1742 1891 tamen

129 1914 320 1969 profecto
342 1929 464 1955 nemo
488 1920 577 1956 tam
608 1920 723 1956 esset
744 1930 888 1955 amens
911 1914 980 1970 qui
1009 1914 1111 1955 mihi
1136 1915 1221 1955 tale
1243 1915 1386 1970 populi
1419 1915 1627 1970 judicium
1657 1931 1742 1957 non

129 1979 328 2034 dignitati
361 1980 500 2035 potius
528 1995 653 2035 quam
676 1980 870 2021 dedecori
892 1984 1063 2035 putaret
1095 1994 1187 2021 esse
1209 1985 1419 2034 oportere.
1483 1981 1606 2022 Nunc
1628 1996 1739 2032 vero,

130 2059 258 2100 quum
278 2060 344 2086 me
367 2045 625 2099 injudicium
646 2045 789 2100 populi
811 2060 935 2086 nemo
966 2045 1151 2086 omnium
1173 2045 1346 2094 vocarit,
1363 2046 1642 2086 condemnari·
1657 2061 1741 2087 non

128 2110 350 2165 potuerim,
387 2110 457 2165 qui
487 2115 713 2151 accusatus
750 2124 833 2149 non
866 2110 957 2160 sim,
994 2109 1174 2165 denique
1206 2125 1258 2150 ne
1290 2110 1434 2164 pulsus
1474 2110 1644 2164 quidem
1679 2111 1741 2151 ita

173 2217 214 2246 P.
233 2217 395 2256 Popillius
412 2239 419 2247 .
438 2239 445 2247 .
466 2239 472 2246 .
496 2217 532 2252 Q.
550 2217 692 2256 Metelli]
733 2217 819 2246 Here
834 2216 910 2256 they

129 2269 182 2289 are
208 2260 310 2298 again.
357 2260 418 2289 We
445 2260 505 2289 had
531 2260 618 2289 them
646 2260 678 2289 in
707 2270 732 2289 c.
760 2261 819 2295 313
847 2260 910 2289 and

129 2313 175 2333 we
191 2303 270 2332 have
286 2303 345 2332 had
371 2303 458 2333 them
483 2304 515 2332 in
537 2303 591 2332 1116
608 2303 716 2335 Quum
734 2302 864 2342 Populo,
882 2313 908 2332 c.

129 2347 150 2377 3
165 2346 228 2375 and
245 2348 283 2382 43
310 2348 417 2379 Quum
436 2346 577 2382 Senatui,
595 2356 621 2376 c.
642 2347 691 2375 15.

173 2390 225 2419 33.
251 2389 321 2428 afui
339 2413 344 2419 .
364 2412 371 2419 .
392 2413 398 2420 .
415 2399 486 2419 cum
503 2399 538 2419 re
549 2389 712 2428 publica,]
763 2388 850 2418 Here
866 2398 912 2418 we

129 2431 209 2461 have
235 2432 260 2462 it
284 2433 386 2470 again.
434 2433 485 2462 He
506 2432 563 2462 has
589 2431 656 2462 told
678 2442 715 2461 us
731 2432 819 2461 often
842 2431 912 2461 that

129 2475 185 2504 the
212 2475 276 2505 Res
302 2475 432 2505 Publica
454 2475 512 2505 left
540 2476 641 2505 Rome
664 2475 757 2505 when
784 2475 824 2504 116
847 2475 910 2504 did.

129 2517 199 2547 The
231 2518 366 2548 Senatus
397 2519 459 2548 and
489 2518 544 2548 the
576 2518 716 2557 Populus
748 2518 911 2547 Romanus

131 2560 240 2600 stayed
263 2561 391 2598 behind,
409 2572 442 2591 as
458 2562 484 2591 it
506 2571 639 2601 appears
656 2561 737 2590 from
754 2561 837 2590 what
853 2561 910 2589 fol-

130 2603 207 2633 lows
222 2616 229 2640 ;
254 2603 311 2633 but
334 2605 409 2644 they
425 2608 511 2634 must
527 2605 606 2634 have
622 2605 702 2634 been
720 2605 752 2633 in
768 2614 807 2633 an
825 2604 910 2633 awk-

130 2646 214 2675 ward
247 2647 406 2676 condition
434 2648 569 2677 without
599 2648 653 2677 the
685 2648 749 2677 Res
781 2647 911 2676 Publica

130 2689 193 2719 and
210 2689 331 2719 Cicero.
372 2691 436 2719 But
452 2690 492 2719 he
508 2690 564 2719 has
580 2690 738 2729 forgotten
754 2694 787 2720 to
803 2691 858 2719 tell
874 2700 910 2719 us

131 2732 205 2761 here
229 2732 299 2761 that
321 2733 376 2762 the
394 2733 458 2762 Res
476 2733 604 2762 Publica
628 2744 715 2763 came
738 2733 817 2762 back
834 2733 910 2762 with

130 2775 208 2810 him,
226 2775 348 2813 though
364 2776 388 2804 it
404 2776 456 2804 did
475 2775 597 2814 (Quum
616 2776 757 2812 Senatui,
775 2787 798 2806 c.
822 2776 886 2816 14).

176 2820 206 2847 te
221 2818 319 2856 vivm]
368 2818 446 2847 This
468 2819 495 2847 is
515 2822 571 2847 the
591 2819 758 2849 antithesis
774 2819 810 2849 of
832 2819 910 2848 ‘ini-

132 2860 220 2890 micis
236 2860 407 2890 interfectis
420 2861 438 2896 ;'
463 2871 496 2890 as
517 2861 548 2890 in
569 2861 623 2891 the
641 2862 748 2894 Quum
775 2862 909 2901 Populo,

132 2913 158 2933 c.
187 2905 226 2933 4:
253 2904 406 2934 ‘inimicis
430 2903 623 2934 interfectis'
651 2905 708 2935 has
731 2905 772 2935 its
795 2915 910 2945 appro-

954 2217 1055 2256 priate
1082 2216 1304 2255 counterpoise
1327 2219 1361 2246 to
1385 2216 1464 2255 keep
1489 2216 1544 2246 the
1570 2217 1740 2247 rhetorical

955 2260 1037 2289 scale
1052 2259 1084 2288 in
1102 2259 1314 2298 equilibrium.
1362 2262 1369 2275 ‘
1383 2259 1516 2289 Petente
1527 2259 1534 2272 '
1555 2270 1687 2299 appears
1704 2265 1738 2290 to

955 2302 994 2332 be
1007 2306 1135 2340 corrupt
1147 2314 1154 2331 z
1173 2302 1262 2331 there
1274 2301 1390 2331 arethe
1402 2302 1547 2341 readings
1561 2306 1568 2319 ⁴
1577 2304 1737 2340 ducente,'

956 2344 1121 2380 ‘dicente‚’
1149 2343 1350 2374 ‘detinentes
1397 2345 1562 2376 Manutius
1586 2356 1738 2385 proposes

958 2391 965 2405 ‘
978 2387 1141 2427 patiente,’
1159 2388 1258 2417 which
1276 2388 1301 2416 is
1317 2398 1335 2417 a
1351 2388 1446 2426 slight
1462 2389 1592 2428 change.
1619 2390 1738 2419 Others

957 2431 1035 2461 have
1051 2430 1130 2460 been
1148 2430 1314 2469 proposed.
1349 2431 1418 2460 The
1435 2432 1532 2461 ‘alter
1547 2437 1674 2471 praetor
1686 2433 1693 2445 ⁷
1711 2433 1738 2462 is

957 2474 1098 2505 Clodius'
1123 2473 1253 2503 brother
1269 2473 1403 2513 Appius,
1419 2474 1490 2504 who
1514 2476 1606 2505 made
1621 2486 1662 2505 no
1679 2486 1736 2515 op-

956 2518 1094 2556 position
1122 2520 1155 2546 to
1181 2516 1318 2546 Cicero’s
1345 2520 1454 2546 return
1483 2517 1547 2557 (Ad
1575 2518 1664 2547 Fam.
1692 2519 1735 2547 iii.

958 2560 1030 2600 10):
1057 2563 1076 2576 “
1090 2559 1173 2592 Quid
1198 2563 1265 2588 erat
1287 2562 1392 2588 autem
1410 2570 1465 2589 cur
1480 2570 1538 2599 ego
1558 2561 1589 2590 in
1615 2564 1646 2590 te
1669 2564 1734 2590 tam

955 2602 1162 2642 implacabilis
1186 2612 1296 2637 essem,
1315 2612 1413 2641 quum
1437 2606 1468 2632 te
1491 2613 1528 2633 ex
1545 2604 1641 2633 fratre
1664 2614 1736 2633 meo

956 2657 996 2675 ne
1020 2650 1096 2675 tunc
1120 2645 1257 2684 quidem,
1276 2655 1373 2684 quum
1399 2645 1456 2674 tibi
1483 2656 1582 2685 prope
1607 2656 1736 2676 11666556

955 2693 1039 2719 65561
1055 2699 1106 2718 eas
1123 2698 1213 2727 agere
1230 2692 1345 2727 partes,
1363 2688 1525 2717 inimicum
1545 2689 1623 2717 mihi
1639 2689 1735 2718 fuisse

956 2742 1138 2771 cognossem
1155 2731 1186 2767 ;”
1204 2731 1265 2760 and
1284 2731 1321 2760 In
1340 2731 1498 2766 Pisonem,
1513 2741 1537 2761 c.
1560 2732 1606 2761 15.
1635 2731 1735 2761 What

957 2780 1041 2804 must
1058 2786 1104 2804 we
1119 2774 1210 2804 think
1227 2774 1262 2802 of
1283 2774 1337 2803 the
1356 2773 1486 2808 Rhetor,
1504 2773 1574 2803 who
1590 2774 1646 2803 has
1667 2775 1735 2812 just

956 2819 1022 2848 said
1038 2818 1073 2847 of
1085 2818 1147 2847 this
1161 2817 1283 2856 Appius
1296 2817 1365 2845 that
1381 2816 1421 2845 he
1432 2826 1493 2846 was
1509 2827 1542 2846 as
1559 2817 1619 2846 bad
1635 2827 1669 2846 as
1686 2818 1736 2847 his

956 2861 1108 2891 brother?
1135 2861 1176 2899 (c.
1193 2859 1261 2899 31.)
1309 2859 1465 2898 Compare
1487 2870 1514 2890 c.
1532 2861 1583 2896 43,
1601 2860 1662 2890 and
1680 2860 1735 2890 the

957 2908 1031 2935 note
1047 2914 1087 2934 on
1105 2907 1112 2921 ³
1124 2904 1192 2933 fure
1209 2901 1387 2933 sublatam.'
