2063 3242
344 210 427 251 490
807 207 987 248 ORAT.
1020 206 1140 248 PRO
1176 206 1226 247 P.
1260 205 1473 247 SESTIO

343 323 507 370 facere;
542 336 631 362 rem
661 321 871 377 publicam
903 335 1121 375 capessere
1152 320 1362 361 hominem
1395 321 1500 360 bene
1532 333 1681 360 sanum
1710 334 1796 360 non
1826 334 1947 375 opor-

343 394 434 430 tere
452 407 462 437 ;
497 388 598 429 nihil
620 403 711 428 esse
732 386 1027 442 praestabilius
1048 386 1184 426 otiosa
1207 386 1305 434 vita,
1331 386 1451 440 plena
1480 390 1523 426 et
1545 385 1736 427 conferta
1757 385 1947 440 volupta-

343 455 482 496 tibus:
531 469 603 495 eos
642 458 797 502 autem,
841 451 912 507 qui
959 452 1146 492 dicerent
1194 451 1392 506 dignitati
1433 466 1526 492 esse
1567 451 1845 500 serviendum,
1887 451 1946 491 rei

342 520 532 576 publicae
554 517 863 567 consulendum,
894 516 1018 557 officii
1049 515 1256 557 rationem
1287 516 1327 556 in
1360 516 1473 556 omni
1502 515 1600 565 vita,
1625 531 1707 557 non
1740 516 1947 557 commodi

343 600 435 626 esse
466 584 710 630 ducendam,
741 582 937 622 adeunda
967 596 1044 636 pro
1081 581 1220 635 patria
1254 581 1453 636 pericula,
1481 581 1652 620 vulnera
1685 581 1945 635 excipienda,

342 655 524 692 mortem
564 647 859 704 oppetendam,
898 646 1116 687 vaticinari
1156 651 1285 700 atque
1318 646 1499 686 insanire
1533 645 1716 686 dicebat.
1779 644 1847 685 Ex
1883 644 1948 685 his

342 715 523 756 assiduis
554 715 645 768 ejus
678 712 1017 768 quotidianisque
1048 711 1314 751 sermonibus
1347 717 1391 752 et
1413 711 1524 766 quod
1546 710 1752 760 videbam,
1778 710 1948 765 quibus-

343 795 436 820 cum
458 778 696 820 hominibus
718 778 758 818 in
773 777 972 818 interiore
990 781 1112 831 parte
1133 776 1300 816 aedium
1323 776 1492 825 viveret,
1517 782 1561 817 et
1583 776 1695 830 quod
1716 775 1778 817 ita
1799 776 1949 817 domus

342 844 433 899 ipsa
453 845 642 885 fumabat
664 849 711 884 ut
732 843 866 884 multa
901 843 992 897 ejus
1023 841 1227 883 sermonis
1249 842 1402 882 indicia
1434 841 1683 890 redolerent,
1708 842 1949 883 statuebam

343 911 415 959 sic,
439 910 537 951 boni
558 909 661 950 nihil
681 909 734 949 ab
770 908 848 949 illis
870 907 993 962 nugis
1024 907 1372 962 exspectandum,
1395 906 1492 947 mali
1515 907 1683 961 quidem
1714 912 1827 948 certe
1848 906 1949 946 nihil

343 975 736 1031 pertimescendum.
799 974 883 1014 Sed
914 973 975 1014 ita
1006 978 1084 1019 est,
1104 972 1283 1026 judices,
1308 978 1367 1022 nt,
1392 972 1426 1013 si
1452 971 1637 1027 gladium
1668 986 1796 1026 parvo
1818 986 1947 1027 puero

342 1046 417 1082 aut
448 1040 483 1081 si
524 1039 729 1080 imbecillo
761 1039 850 1079 seni
883 1043 958 1078 aut
995 1037 1120 1077 debili
1154 1037 1332 1087 dederis,
1367 1037 1455 1092 ipse
1484 1037 1644 1091 impetu
1677 1051 1753 1077 suo
1794 1036 1949 1078 nemini

342 1110 507 1155 noceat,
537 1106 601 1146 sin
633 1106 685 1146 ad
722 1105 879 1145 nudum
910 1102 974 1144 vel
1009 1102 1227 1143 fortissimi
1250 1102 1325 1142 viri
1352 1117 1506 1157 corpus
1537 1101 1778 1152 accesserit,
1812 1101 1949 1156 possit

342 1172 432 1213 acie
465 1171 555 1226 ipsa,
595 1176 638 1211 et
677 1169 774 1210 ferri
811 1168 968 1209 viribus
1008 1167 1252 1215 vulnerare3
1289 1182 1417 1222 quum
1458 1167 1697 1208 hominibus
1739 1166 1949 1208 enervatis

342 1242 470 1292 atque
511 1235 795 1290 exsanguibus
827 1233 1069 1274 consulatus
1100 1238 1318 1287 tamquam
1361 1232 1525 1287 gladius
1556 1238 1669 1273 esset
1710 1233 1848 1278 datus,
1880 1232 1949 1287 qui

343 1317 416 1357 per
447 1317 491 1342 se
534 1315 721 1356 pungere
758 1299 965 1340 neminem
998 1313 1196 1353 umquam
1233 1298 1484 1353 potuissent,
1517 1298 1559 1338 hi
1600 1297 1751 1338 summi
1786 1296 1949 1352 imperii

342 1366 508 1407 nomine
558 1366 711 1407 armati
753 1371 917 1406 tantam
960 1379 1047 1405 rem
1088 1364 1301 1419 publicam
1337 1363 1702 1404 contrucidarunt.
1778 1363 1950 1403 Foedus

342 1433 530 1474 fecerunt
554 1447 649 1473 cum
678 1431 847 1473 tribuno
880 1430 1014 1485 plebis
1045 1430 1193 1484 palam,
1219 1434 1265 1470 ut
1286 1430 1339 1469 ab
1367 1443 1416 1469 eo
1446 1429 1680 1484 provincias
1711 1428 1950 1483 acciperent

343 1514 447 1555 quas
474 1499 551 1554 ipsi
574 1498 727 1539 vellent
746 1515 754 1539 ;
790 1496 1023 1538 exercitum
1046 1501 1087 1537 et
1110 1495 1332 1551 pecuniam
1363 1500 1565 1550 quantam
1587 1495 1738 1536 vellent
1763 1509 1813 1535 ea
1842 1494 1948 1549 lege,

343 1566 377 1606 si
407 1564 483 1620 ipsi
512 1564 627 1619 prius
655 1564 824 1604 tribuno
855 1561 987 1617 plebis
1018 1561 1217 1602 afflictam
1251 1567 1294 1602 et
1326 1560 1601 1601 constrictam
1633 1575 1721 1600 rem
1742 1559 1949 1615 publicam

343 1630 640 1672 tradidissent:
684 1629 725 1669 id
756 1634 899 1669 autem
930 1627 1077 1667 foedus
1114 1641 1205 1667 meo
1239 1626 1442 1681 sanguine
1478 1625 1606 1666 ictum
1641 1625 1792 1666 sanciri
1825 1640 1949 1680 posse

344 1695 555 1736 dicebant.
619 1695 711 1746 Qua
766 1709 809 1734 re
860 1693 1270 1748 patefacta—neque
1317 1691 1427 1732 enim
1479 1690 1731 1731 dissimulari
1781 1696 1950 1732 tantum

345 1762 482 1802 scelus
514 1765 682 1815 poterat
713 1774 787 1799 nec
819 1757 1348 1813 latere,—prornulgantur
1379 1771 1462 1796 uno
1494 1756 1727 1811 eodemque
1758 1761 1950 1811 tempore

344 1826 585 1881 rogationes
606 1825 658 1865 ab
680 1825 827 1864 eodem
856 1824 1025 1865 tribuno
1048 1824 1099 1864 de
1125 1837 1219 1863 mea
1249 1821 1433 1876 pernicie
1462 1826 1505 1862 et
1527 1821 1578 1861 de
1609 1820 1831 1876 provinciis
1853 1836 1950 1862 con-

345 1892 480 1932 sulum
499 1890 761 1931 nominatim.

405 1956 493 1996 XI.
529 1955 614 1995 Hic
642 1960 733 1996 tum
769 1959 940 1995 senatus
968 1952 1183 1999 sollicitus,
1216 1966 1302 2000 vos,
1335 1951 1497 2006 equites
1530 1951 1721 2001 Romani,
1758 1951 1949 2000 excitati,

349 2021 475 2062 Italia
515 2026 668 2061 cuncta
708 2024 911 2075 permota,
955 2033 1099 2059 omnes
1135 2017 1313 2073 denique
1359 2017 1543 2058 omnium
1583 2032 1783 2072 generum
1822 2024 1950 2073 atque

1172 2164 1254 2195 ‘ita’
1287 2175 1323 2195 or
1347 2164 1536 2196 ‘sies—‘hi
1563 2165 1678 2195 summi
1692 2165 1712 2196 :⁷
1738 2166 1781 2196 ‘ii
1811 2164 1950 2202 summi,'

1173 2209 1281 2239 Halm.

347 2169 464 2199 station
480 2168 541 2198 and
552 2170 608 2198 not
621 2167 745 2197 meddle
754 2167 830 2196 with
840 2166 948 2206 public
958 2165 1124 2196 matters.”

349 2213 402 2242 He
417 2216 503 2242 must
525 2212 611 2241 leave
634 2211 688 2240 the
712 2221 781 2240 care
797 2210 831 2240 of
846 2210 902 2240 the
925 2214 1006 2239 state
1022 2213 1055 2239 to
1071 2210 1125 2239 the

347 2265 482 2294 rognes;
507 2265 525 2284 a
552 2259 635 2284 most
657 2253 910 2283 uncomsortable
930 2253 1123 2288 conclusion,

348 2298 472 2337 enough
489 2302 522 2327 to
539 2298 630 2327 make
646 2307 686 2326 an
703 2297 817 2326 honest
839 2307 913 2326 man
929 2296 1025 2326 bestir
1042 2296 1124 2325 him-

1214 2252 1343 2282 tribuno
1365 2252 1486 2291 plebis]
1536 2251 1571 2282 P.
1597 2251 1737 2282 Clodius.
1793 2250 1950 2291 Compare

1171 2295 1210 2325 In
1251 2295 1408 2331 Pisonem,
1440 2305 1466 2324 c.
1505 2294 1839 2324 16.—‘nominatim:’
1886 2295 1950 2324 this

348 2341 417 2377 sels,
433 2351 511 2370 even
527 2341 553 2370 if
564 2341 589 2370 it
605 2344 672 2370 cost
688 2340 752 2369 him
769 2340 854 2369 dear.

393 2394 444 2414 eos
468 2383 601 2422 autem]
655 2384 727 2422 Any
751 2393 786 2412 or
810 2383 851 2411 all
876 2382 912 2412 of
936 2382 1028 2411 those
1055 2381 1126 2411 who

348 2437 429 2456 were
468 2430 525 2456 not
561 2426 784 2464 Epicurei.-—‘
798 2424 979 2454 vaticinari’
1018 2434 1127 2454 means

348 2470 423 2500 here
437 2469 491 2499 the
502 2479 587 2499 same
603 2479 636 2497 as
653 2467 793 2497 ‘errarel
820 2471 839 2484 ‘⁶
855 2468 916 2497 Sed
925 2477 982 2506 ego
996 2467 1127 2497 fortasse

348 2513 510 2547 vaticinor,
543 2515 574 2541 et
604 2511 681 2540 haec
715 2511 821 2540 omnia
856 2511 1001 2540 meliores
1032 2509 1126 2539 habe-

349 2556 430 2586 bunt
442 2556 545 2585 exitus
558 2553 577 2567 ”
597 2553 661 2593 (Ad
679 2553 765 2583 Fam.
780 2554 810 2583 ii.
833 2555 890 2589 163
915 2553 1070 2591 Manat).

393 2601 459 2638 ipse
482 2597 618 2636 impetu]
668 2596 747 2626 “Of
768 2596 904 2631 himself,
922 2596 962 2635 by
985 2596 1032 2625 his
1056 2605 1126 2624 own

349 2642 452 2677 effort,
464 2641 503 2670 he
516 2640 608 2670 could
625 2640 713 2669 harm
727 2638 889 2678 nobody,”
903 2638 961 2668 but
976 2639 1001 2667 if
1014 2639 1053 2668 he
1068 2648 1124 2677 ap-

349 2684 505 2725 proached
529 2694 568 2713 an
597 2682 747 2712 unarmed
782 2691 865 2717 man,
905 2691 965 2711 one
1002 2681 1037 2710 of
1071 2681 1126 2710 the

349 2728 485 2763 bravest,
514 2727 553 2756 he
580 2726 682 2764 might
708 2725 808 2754 inflict
832 2735 850 2753 a
873 2724 987 2753 wound
1014 2723 1055 2762 by
1071 2723 1126 2752 the

349 2781 423 2810 very
446 2771 671 2800 circumstance
695 2768 730 2797 of
751 2767 799 2796 his
823 2767 965 2806 carrying
987 2777 1004 2795 a
1032 2766 1125 2805 sharp

352 2816 561 2853 weapon.-—‘
575 2812 756 2847 vulnerare;
782 2820 878 2850 quum
892 2809 912 2838 :⁷
951 2809 1126 2838 ‘vulnerari

350 2867 432 2893 cum,
459 2857 493 2886 P.
523 2855 596 2891 G¹.;
626 2855 806 2889 vulnerare;
831 2853 875 2882 ita
901 2851 996 2887 cum,'
1031 2852 1126 2881 Halm

351 2899 399 2939 (l)
415 2912 422 2936 3
448 2900 648 2929 ‘vulnerarez
667 2898 710 2927 sic
726 2897 819 2931 cum,'
838 2895 933 2925 Halm
952 2894 1013 2934 (2).
1054 2894 1068 2923 I
1086 2894 1126 2923 do

349 2946 406 2972 not
421 2942 513 2972 think
529 2942 600 2972 that
621 2941 676 2972 the
699 2944 846 2970 sentence
868 2938 1007 2978 requires
1026 2937 1127 2967 either

1172 2337 1268 2374 word,
1292 2347 1325 2367 as
1347 2338 1513 2367 Manutius
1536 2338 1687 2374 remarks,
1712 2337 1808 2367 refers
1827 2337 1901 2377 only
1916 2342 1950 2367 to

1172 2381 1226 2411 the
1242 2380 1344 2410 words
1361 2384 1367 2395 ‘
1380 2380 1419 2410 de
1435 2380 1603 2419 provinciis
1624 2379 1814 2416 consulum,’
1831 2380 1880 2410 for
1895 2380 1950 2410 the

1173 2425 1240 2453 first
1263 2423 1328 2453 Lex
1353 2423 1389 2453 of
1410 2423 1538 2453 Clodius
1562 2423 1614 2452 did
1638 2427 1694 2452 not
1717 2433 1809 2453 name
1827 2423 1949 2459 Cicero,

1172 2467 1229 2496 but
1246 2476 1308 2495 was
1329 2465 1466 2495 directed
1490 2466 1613 2504 against
1636 2466 1677 2495 all
1693 2466 1785 2495 those
1801 2466 1871 2495 who
1888 2466 1950 2496 had

1171 2513 1230 2548 put
1247 2509 1371 2538 Roman
1387 2508 1514 2538 citizens
1527 2512 1560 2537 to
1573 2508 1668 2537 death
1683 2508 1817 2538 without
1832 2519 1851 2538 a
1866 2509 1948 2539 trial.

1173 2553 1230 2582 See
1253 2552 1308 2581 the
1334 2551 1554 2581 Introduction
1576 2554 1610 2581 to
1635 2551 1689 2581 the
1711 2551 1783 2581 four
1803 2552 1950 2591 spurious

1171 2595 1320 2625 orations.

1217 2638 1264 2667 11.
1288 2646 1352 2671 vos,
1369 2636 1504 2675 equites]
1555 2636 1607 2666 He
1619 2637 1644 2666 is
1660 2637 1843 2677 addressing
1858 2637 1950 2667 those

1167 2680 1288 2719 judices
1312 2679 1382 2708 who
1413 2689 1493 2709 were
1521 2679 1721 2719 Equites.—‘
1734 2690 1876 2710 summae
1902 2680 1948 2710 rei

1170 2721 1345 2762 publicaez'
1380 2722 1475 2751 Halm
1504 2733 1604 2752 warns
1628 2733 1664 2752 us
1694 2723 1816 2761 against
1839 2723 1950 2762 taking

1172 2765 1235 2795 ‘rei
1259 2764 1421 2804 publicae’
1450 2765 1499 2795 for
1524 2765 1580 2795 the
1602 2766 1748 2804 genitive.
1796 2770 1803 2782 ‘
1818 2766 1949 2796 Summa

1171 2818 1220 2838 res
1236 2807 1380 2847 publica’
1409 2807 1435 2837 is
1462 2818 1480 2837 a
1503 2819 1650 2838 common
1674 2809 1754 2838 form
1773 2807 1850 2848 (Pro
1875 2809 1947 2838 SeX.

1173 2851 1297 2885 Roscio,
1316 2861 1342 2880 c.
1370 2852 1422 2886 51,
1440 2851 1511 2881 Vol.
1537 2852 1606 2888 11.;
1631 2851 1670 2880 In
1694 2851 1764 2881 Cat.
1785 2852 1804 2881 i.
1822 2853 1852 2886 6,
1878 2851 1948 2880 “ad

1171 2904 1326 2923 summam
1343 2903 1409 2923 rem
1422 2894 1581 2933 publicam
1592 2895 1752 2934 pertinent
1765 2894 1797 2931 ;'’
1814 2894 1876 2925 and
1888 2894 1948 2924 Pro

1171 2937 1268 2973 Sulla,
1285 2947 1311 2966 c.
1329 2936 1396 2977 24).
