2063 3242
269 197 354 238 402
746 192 928 235 ORAT.
962 192 1045 234 DE
1080 191 1261 234 DOMO
1297 192 1421 234 SUA

269 310 477 354 altissimo
519 309 742 365 dignitatis
775 308 922 364 gradU,
958 307 1099 349 videre
1138 311 1433 363 praetextatos
1474 305 1667 347 inimicos
1700 305 1887 347 nondum

270 382 408 418 morte
450 376 710 431 complorata
749 374 926 415 arbitria
959 377 1155 428 petentes
1187 372 1373 421 funeris;
1420 373 1525 413 haec
1568 372 1708 413 omnia
1749 372 1889 413 subire

269 442 651 484 conservandorum
676 439 825 481 civium
848 453 1009 488 caussa,
1035 443 1164 494 atque
1187 439 1259 490 ita,
1286 453 1414 494 quum
1438 439 1630 479 dolenter
1651 437 1778 488 absis,
1804 452 1889 478 non

272 513 363 550 tam
384 507 550 563 sapiens
572 521 698 562 quam
719 505 746 545 ii
769 504 839 560 qui
862 504 963 545 nihil
986 510 1150 554 curant,
1175 505 1250 545 sed
1278 509 1368 546 tam
1388 519 1536 545 amans
1564 508 1733 545 tuorum
1755 518 1803 544 ac
1825 502 1889 543 tui

274 589 400 630 quam
423 572 656 614 communis
678 571 919 612 humanitas
940 570 1142 625 postulat,
1166 585 1215 611 ca
1242 571 1332 611 laus
1361 570 1580 626 praeclara
1601 574 1728 624 atque
1750 568 1890 609 divina

275 644 353 681 est.
396 639 505 680 Nam
528 638 599 694 qui
617 652 677 686 ea,
695 651 802 692 quae
820 650 1049 691 numquam
1065 650 1163 677 cara
1179 651 1228 677 ac
1240 636 1430 691 jucunda
1445 635 1579 685 duxit,
1598 635 1736 675 animo
1752 648 1889 690 aequo

274 704 334 746 rei
356 704 547 760 publicae
569 718 720 745 caussa
754 702 924 751 deserit,
949 701 1105 743 nullam
1138 702 1474 743 benevolentiam
1505 700 1712 754 insignem
1736 700 1778 741 in
1800 715 1889 741 rem

274 770 486 826 publicam
523 769 741 816 declarat3
788 768 858 824 qui
894 772 1039 809 autem
1076 783 1126 809 ea
1158 768 1368 824 relinquit,
1407 767 1466 808 rei
1502 766 1695 823 publicae
1728 780 1887 815 caussa,

276 851 301 878 a
337 836 490 892 quibus
521 850 616 877 cum
649 849 814 876 summo
846 834 989 875 dolore
1023 834 1245 884 divellitur,
1284 834 1321 875 ei
1359 848 1458 876 cara
1493 832 1633 889 patria
1662 836 1740 882 est,
1771 831 1891 887 cujus

275 903 456 944 salutem
486 902 655 944 caritati
689 900 914 956 anteponit
949 915 1134 942 suorum.
1198 902 1338 954 Quare
1373 900 1659 955 disrumpatur
1687 898 1787 939 licet
1808 897 1891 938 ista

275 968 383 1010 furia
403 972 531 1023 atque
559 967 705 1008 audiat
726 967 831 1007 haec
864 981 916 1006 ex
943 980 1023 1015 me,
1047 965 1246 1021 quoniam
1267 965 1618 1015 lacessivit,--bis
1645 963 1819 1013 servavi,
1842 969 1892 1006 ut

278 1033 425 1075 consul
447 1038 620 1088 togatus
651 1037 840 1073 armatos
861 1031 1042 1079 vicerim,
1066 1033 1256 1088 privatus
1278 1032 1520 1073 consulibus
1547 1030 1724 1072 armatis
1755 1044 1891 1072 cesse-

276 1099 368 1140 rim.
434 1098 671 1153 Utriusque
692 1097 896 1153 temporis
912 1097 1097 1138 fructum
1120 1098 1197 1139 tuli
1219 1097 1446 1139 maximum
1465 1115 1475 1146 3
1511 1096 1752 1152 superioris,
1778 1096 1891 1150 quod

278 1180 331 1207 ex
367 1169 538 1206 senatus
575 1163 831 1206 auctoritate
865 1167 910 1204 et
946 1168 1140 1204 senatum
1173 1168 1218 1205 et
1253 1178 1396 1204 omnes
1431 1165 1564 1204 bonos
1599 1176 1716 1203 meae
1745 1161 1893 1203 salutis

278 1244 428 1271 caussa
459 1234 626 1271 mutata
647 1234 765 1271 veste
796 1228 905 1276 vidi;
941 1229 1201 1284 posterioris,
1229 1230 1342 1285 quod
1367 1234 1410 1271 et
1446 1233 1619 1270 senatus
1642 1233 1686 1269 et
1716 1227 1894 1283 populus

279 1294 498 1336 Romanus
529 1300 572 1336 et
594 1309 739 1336 omnes
767 1294 968 1335 mortales
995 1300 1039 1335 et
1060 1295 1255 1349 privatim
1278 1300 1322 1337 et
1344 1295 1509 1351 publice
1526 1294 1772 1350 judicarunt
1802 1293 1893 1334 sine

276 1375 370 1402 meo
393 1360 532 1402 reditu
555 1376 644 1402 rem
667 1360 874 1416 publicam
897 1360 1056 1401 salvam
1078 1375 1170 1402 esse
1192 1375 1276 1401 non
1297 1375 1432 1416 posse.

338 1426 423 1467 Sed
445 1426 513 1467 hic
536 1441 653 1467 meus
675 1426 851 1475 reditus,
875 1426 1107 1481 pontifices,
1133 1430 1273 1467 vestro
1290 1426 1450 1482 judicio
1473 1425 1728 1467 continetur.
1784 1424 1892 1465 Nam

277 1492 408 1533 sivos
435 1507 501 1533 me
525 1492 567 1532 in
598 1492 703 1533 meis
729 1492 903 1533 aedibus
933 1492 1159 1543 collocatis,
1191 1492 1232 1533 id
1264 1493 1375 1548 quod
1410 1492 1451 1532 in
1475 1491 1585 1533 omni
1618 1506 1713 1532 mea
1746 1505 1895 1532 caussa

277 1572 444 1613 semper
464 1557 630 1607 studiis,
657 1557 852 1607 consiliis,
887 1558 1218 1600 auctoritatibus
1240 1558 1547 1614 sententiisque
1577 1557 1750 1608 fecistis,
1774 1557 1894 1598 video

277 1638 344 1664 me
365 1624 488 1677 plane
510 1639 559 1665 ac
588 1624 724 1665 sentio
747 1624 994 1666 restitutum
1013 1641 1021 1665 :
1056 1624 1121 1665 sin
1150 1639 1243 1665 mea
1266 1625 1415 1665 domus
1435 1639 1519 1665 non
1542 1625 1667 1665 modo
1688 1623 1789 1664 mihi
1812 1638 1895 1663 non

277 1689 482 1740 redditur,
526 1690 600 1730 sed
642 1690 771 1731 etiam
812 1694 1133 1730 monumentum
1149 1694 1156 1701 ‘
1174 1690 1352 1745 praebet
1391 1689 1560 1731 inimico
1602 1688 1757 1730 doloris
1797 1687 1891 1738 mei,

279 1755 449 1796 sceleris
477 1754 552 1805 sui,
578 1755 767 1810 publicae
800 1754 1066 1803 calamitatis,
1091 1755 1185 1810 quis
1217 1755 1298 1797 erit
1319 1754 1389 1810 qui
1418 1755 1526 1796 hunc
1549 1754 1731 1795 reditum
1752 1753 1894 1809 potius

279 1835 405 1875 quam
426 1835 603 1876 poenam
617 1820 918 1876 sempiternam
940 1821 1089 1875 putet?
1151 1820 1201 1860 In
1224 1824 1453 1874 conspectu
1471 1835 1601 1875 prope
1623 1820 1758 1861 totius
1778 1820 1894 1860 urbis

280 1887 431 1927 domus
459 1894 525 1927 est
553 1901 658 1935 mea,
683 1886 917 1940 pontifices,
942 1886 984 1926 in
1011 1900 1094 1941 qua
1113 1885 1149 1927 si
1175 1893 1319 1927 manet
1347 1886 1448 1927 illud
1471 1901 1555 1927 non
1576 1891 1894 1928 monumentum

279 1951 408 2001 urbis,
452 1952 526 1992 sed
568 1952 806 2006 sepulcrum
848 1951 1017 1992 inimico
1062 1951 1230 1992 nomine
1271 1951 1531 2007 inscriptum,
1576 1952 1895 2007 demigrandum

280 2016 423 2071 potius
444 2017 583 2072 aliquo
602 2021 668 2058 est
690 2031 815 2072 quam
838 2017 1116 2058 habitandum
1139 2017 1181 2057 in
1203 2032 1253 2058 ea
1274 2018 1390 2068 urbe,
1414 2018 1456 2058 in
1479 2033 1562 2074 qua
1583 2022 1758 2074 tropaea
1779 2022 1823 2060 et
1845 2018 1896 2060 dc

281 2097 349 2123 me
372 2087 415 2123 et
438 2082 488 2123 de
509 2097 554 2122 re
576 2082 743 2137 publica
764 2082 929 2123 videam
952 2082 1199 2124 constituta.

343 2147 638 2190 XXXVIII.
689 2148 759 2189 An
793 2163 872 2204 ego
908 2153 1074 2191 tantam
1109 2153 1185 2190 aut
1217 2148 1346 2190 animi
1388 2149 1585 2192 duritiem
1625 2150 1781 2191 habere
1820 2153 1896 2190 aut

325 2297 378 2331 37.
404 2297 543 2327 arbitria
561 2319 568 2327 .
588 2320 595 2328 .
615 2298 803 2339 .ficrzeris;]
840 2300 948 2333 Quum
966 2299 1065 2330 Sena·
1111 2310 1262 2340 proposes
1288 2301 1402 2331 ‘simul
1425 2300 1539 2341 atque'
1565 2300 1614 2331 for
1641 2299 1781 2341 ‘atqua’
1826 2300 1896 2330 The

281 2339 339 2375 tui,
364 2349 390 2368 c.
413 2340 498 2375 7.—‘
511 2351 609 2380 quum
631 2342 774 2372 dolenter
801 2342 917 2373 absis:’
947 2346 1065 2383 ‘quum

283 2383 428 2412 dolenter
440 2383 522 2413 feras
539 2387 570 2414 et
583 2384 647 2420 sis‚’
666 2385 783 2416 Baiter.
810 2390 817 2403 ‘
831 2387 926 2417 Feras
939 2385 946 2399 ’
963 2397 1066 2417 seems

282 2429 317 2456 to
348 2426 388 2455 be
414 2426 463 2455 his
489 2437 571 2458 own.
617 2425 721 2458 There
746 2429 773 2459 is
800 2429 955 2470 probably
979 2441 1066 2460 some

284 2469 469 2508 corruption
492 2470 577 2500 here.
623 2471 692 2501 The
716 2482 863 2502 common
879 2477 963 2503 texts
986 2474 1066 2504 have

285 2513 348 2543 ‘ita
363 2515 400 2542 ut
416 2512 560 2543 dolenter
575 2513 681 2543 absis.’

332 2556 439 2592 Quare
477 2556 717 2597 disrumpatur]
768 2560 775 2575 ⁴
795 2559 1065 2592 Quare-dirum-

283 2603 377 2639 patur
395 2621 401 2628 .
421 2622 427 2628 .
447 2622 454 2628 .
471 2599 719 2630 lacessivit—bis
735 2611 803 2631 rem
820 2602 979 2641 publicam
1002 2613 1066 2633 ser-

283 2643 363 2678 vavi,
381 2641 470 2682 qui‚’'
489 2643 607 2673 Baiter.
655 2646 662 2660 ⁴
677 2644 757 2674 Rem
780 2645 939 2684 publicam
952 2645 959 2658 ’
983 2646 1009 2676 is
1025 2656 1066 2676 an

282 2686 436 2722 addition,
450 2686 511 2715 and
529 2691 535 2703 ‘
549 2687 603 2726 qui
615 2685 622 2699 '
640 2696 658 2716 a
668 2688 840 2717 correction
854 2688 889 2717 of
903 2689 1064 2719 Garatoni.

285 2729 461 2759 Lambinus
496 2730 606 2769 placed
642 2733 649 2746 ‘
663 2740 730 2760 rem
764 2731 923 2770 publicam
938 2731 945 2745 ’
986 2732 1067 2762 after

284 2775 292 2789 ⁴
309 2772 438 2808 Quare,'
456 2773 518 2802 and
541 2773 612 2803 that
634 2773 660 2803 is
683 2773 737 2803 the
757 2774 843 2813 right
862 2775 950 2813 place
966 2776 1015 2804 for
1030 2776 1065 2805 it.

286 2815 338 2845 He
359 2816 506 2846 observes
522 2817 592 2846 that
616 2819 701 2846 ‘rem
726 2817 884 2856 publicam
898 2817 905 2831 ³
930 2818 956 2848 is
980 2819 1067 2848 often

283 2859 411 2889 written
433 2870 522 2899 r.p.,
539 2860 602 2890 and
625 2860 695 2890 that
718 2861 809 2890 these
832 2860 940 2891 letters
964 2862 1068 2900 might

283 2902 380 2941 easily
396 2902 435 2932 be
451 2904 584 2934 omitted
600 2903 641 2944 by
657 2914 676 2934 a
691 2904 825 2943 copyist,
841 2904 945 2944 owing
960 2908 994 2935 to
1011 2905 1066 2934 the

284 2945 450 2986 similarity
477 2947 513 2977 of
539 2947 595 2978 the
624 2947 794 2988 preceding
822 2947 919 2978 word.
967 2948 1064 2978 Halm

1112 2345 1208 2374 Latin
1234 2345 1261 2374 is
1284 2344 1357 2380 bad,
1375 2344 1432 2374 but
1455 2345 1510 2375 the
1534 2355 1625 2375 sense
1648 2344 1674 2374 is
1697 2354 1806 2374 worse.
1854 2344 1895 2374 In

1111 2388 1166 2418 the
1184 2388 1244 2418 Pro
1259 2388 1371 2424 Sestio,
1389 2398 1415 2417 c.
1430 2390 1481 2425 22,
1500 2388 1610 2418 Cicero
1627 2397 1717 2427 says:
1735 2387 1895 2417 “Servavi

1111 2431 1209 2470 igitur
1238 2442 1305 2461 rem
1336 2431 1496 2470 publicam
1528 2431 1667 2461 discessu
1698 2441 1769 2460 meo
1786 2453 1793 2460 .
1813 2453 1820 2460 .
1839 2454 1846 2461 .
1863 2434 1895 2461 et

1110 2485 1193 2504 unus
1210 2474 1257 2504 bis
1273 2484 1340 2504 rem
1356 2474 1515 2514 publicam
1527 2475 1656 2511 servavi,
1671 2475 1769 2504 semel
1785 2474 1894 2514 gloria,

1110 2518 1227 2548 iterum
1243 2527 1394 2547 aerumna
1410 2516 1515 2547 mea.''

1113 2580 1133 2595 ‘⁴
1149 2578 1277 2611 Quanto
1303 2578 1420 2608 rectius
1448 2577 1509 2615 hic,
1535 2578 1589 2618 qui
1616 2577 1661 2607 nil
1692 2578 1820 2608 molitur
1846 2577 1896 2607 in-

1199 2620 1309 2660 epte.''

1155 2699 1205 2719 me
1227 2690 1261 2718 in
1285 2690 1362 2719 meis
1385 2689 1517 2720 aedibus
1541 2689 1736 2728 collocatis‚]
1787 2689 1847 2720 See
1868 2699 1894 2718 c.

1112 2734 1164 2768 58,
1182 2734 1267 2761 note.

1156 2777 1395 2805 monumentum
1408 2776 1526 2815 urbis‚]
1547 2776 1655 2805 Baiter
1668 2785 1737 2815 says
1750 2788 1758 2805 ι
1777 2776 1896 2805 “urbis

1112 2819 1160 2848 vel
1192 2828 1263 2848 cum
1290 2818 1437 2849 Ernestio
1468 2819 1639 2849 delendum
1669 2822 1718 2849 est
1744 2819 1793 2848 vel
1821 2828 1893 2848 cum

1112 2861 1363 2900 Naegelsbachio
1381 2862 1582 2892 scribendum
1599 2862 1795 2892 libertatis.”
1828 2862 1893 2891 But

1110 2905 1204 2945 why?
1230 2905 1268 2934 In
1284 2904 1376 2934 order
1391 2906 1462 2936 that
1478 2906 1503 2935 it
1519 2916 1592 2945 may
1603 2905 1643 2935 be
1658 2904 1784 2936 better?
1808 2905 1894 2936 Thac

1111 2948 1137 2978 is
1153 2958 1195 2978 no
1210 2958 1321 2979 reason
1338 2948 1386 2978 for
1402 2949 1554 2988 mending
1569 2949 1605 2979 it.
