2063 3242
240 175 325 214 400
717 171 897 213 ORAT.
931 170 1013 211 DE
1048 168 1227 211 DOMO
1262 168 1386 209 SUA

241 287 346 329 meis
379 287 576 337 consiliis,
600 286 807 342 periculis,
831 284 1048 326 laboribus
1073 284 1256 340 patriam
1277 297 1370 325 esse
1390 285 1617 331 servat-am,
1650 294 1733 322 non
1764 288 1854 322 tam

242 369 335 395 sum
372 352 679 394 existimandus
710 352 761 392 de
792 350 928 406 gestis
959 350 1086 390 rebus
1115 349 1286 404 gloriari
1318 362 1442 404 quam
1474 348 1525 389 de
1559 346 1740 402 objectis
1770 360 1855 386 non

243 419 447 462 confiteri.
511 418 595 459 Sed
624 418 659 458 si
691 416 793 458 mihi
826 420 927 456 ante
960 415 1063 456 haec
1093 415 1316 455 durissima
1347 414 1407 455 rei
1438 413 1632 470 publicae
1660 418 1856 467 tempora

243 485 346 527 nihil
368 499 565 540 umquam
586 483 697 524 aliud
720 482 935 536 objectum
957 486 1023 522 est
1044 480 1124 521 nisi
1145 480 1374 521 crudelitas
1406 494 1456 520 ea
1487 479 1610 520 unius
1636 477 1854 533 temporis,

244 566 373 608 quum
408 566 434 591 a
464 549 602 605 patria
634 548 860 604 perniciem
894 546 1047 601 depuli,
1085 546 1199 601 quid,
1236 561 1302 586 me
1324 546 1420 586 huic
1453 544 1679 586 maledicto
1713 549 1857 584 utrum

243 632 327 659 non
350 616 603 672 respondere
625 630 678 655 an
700 613 881 655 demisse
903 612 1158 667 respondere
1181 612 1350 654 decuit?
1411 611 1507 666 Ego
1530 625 1628 651 vero
1646 610 1774 651 etiam
1796 608 1857 649 rei

245 683 436 740 publicae
458 696 623 736 semper
656 680 860 720 interesse
882 678 1026 734 putavi
1062 693 1129 719 me
1155 678 1266 718 illius
1299 676 1569 733 pulcherrimi
1605 675 1720 726 facti,
1745 674 1859 730 quod

246 764 299 790 ex
339 747 597 789 auctoritate
637 750 826 794 senatus,
871 758 1079 785 consensu
1132 745 1340 785 bonorum
1381 742 1567 784 omnium
1606 756 1682 796 pro
1723 740 1859 782 salute

246 814 407 869 patriae
427 813 663 868 gessissem,
687 811 951 866 splendorem
980 809 1117 850 verbis
1149 809 1485 865 dignitatemque
1521 807 1716 856 retinere,
1739 820 1861 861 prae-

247 879 394 920 sertim
416 894 543 934 quum
577 877 678 918 mihi
700 877 770 917 uni
804 877 846 917 in
867 876 946 916 hac
980 891 1024 917 re
1054 875 1225 930 publica
1255 875 1452 916 audiente
1488 874 1642 930 populo
1666 873 1860 914 Romano

248 960 377 1001 opera
405 959 499 986 mea
531 944 640 985 hanc
672 943 820 984 urbem
851 946 895 982 et
915 942 1024 982 hanc
1058 956 1146 981 rem
1182 941 1393 996 publicam
1422 955 1513 981 esse
1539 941 1697 981 salvam
1714 939 1860 994 jurato

247 1012 387 1053 dicere
420 1011 483 1051 fas
515 1010 679 1051 fuisset.
743 1008 1016 1049 Exstinctum
1052 1012 1119 1049 est
1146 1008 1235 1063 jam
1260 1007 1361 1048 illud
1391 1007 1663 1049 maledictum
1685 1006 1861 1048 crudeli-

247 1078 363 1128 tatis,
408 1077 518 1132 quod
559 1091 637 1125 me,
681 1090 766 1116 non
799 1080 846 1115 ut
880 1074 1093 1116 crudelem
1124 1079 1365 1129 tyrannum,
1399 1074 1473 1114 sed
1506 1079 1555 1115 ut
1593 1073 1862 1115 mitissimum

248 1149 480 1199 parentem,
518 1142 704 1183 omnium
738 1141 890 1182 civium
922 1140 1075 1181 studiis
1112 1140 1410 1189 desideratum,
1443 1139 1686 1194 repetitum,
1723 1153 1863 1180 arces·

248 1209 379 1251 situm
411 1208 568 1249 vident.
631 1207 762 1248 Aliud
789 1211 985 1247 exortum
1020 1210 1099 1247 est.
1162 1205 1374 1261 Objicitur
1404 1204 1505 1245 mihi
1537 1220 1657 1246 meus
1685 1205 1751 1245 ille
1782 1204 1864 1245 dis-

249 1290 403 1325 cessus,
448 1274 514 1315 cui
541 1288 618 1327 ego
662 1272 825 1313 crimini
860 1272 1115 1327 respondere
1150 1271 1240 1312 sine
1274 1286 1368 1312 mea
1398 1271 1581 1312 maxima
1615 1271 1740 1311 laude
1780 1258 1864 1311 non

247 1355 431 1396 possum.
496 1339 606 1392 Quid
638 1338 759 1386 enim,
795 1337 1030 1392 pontifices,
1065 1337 1198 1378 debeo
1230 1337 1399 1378 dicere?
1462 1337 1635 1378 Peccati
1661 1352 1728 1377 me
1765 1351 1865 1377 con-

249 1406 428 1448 scientia
461 1404 725 1460 profugisse?
787 1404 852 1445 At
875 1403 915 1443 id
942 1403 1054 1458 quod
1090 1402 1191 1443 mihi
1224 1402 1384 1443 crimini
1407 1403 1590 1444 dabatur
1622 1418 1706 1443 non
1737 1401 1864 1443 modo

248 1476 475 1528 peccatum
497 1485 578 1511 non
607 1475 712 1520 erat,
747 1469 821 1510 sed
853 1474 946 1510 erat
968 1483 1035 1510 res
1057 1473 1155 1524 post
1188 1473 1312 1509 natos
1344 1468 1536 1509 homines
1571 1467 1864 1524 pulcherrima.

249 1537 469 1578 Judicium
502 1536 647 1592 populi
679 1535 978 1590 pertimuisse?
1040 1535 1103 1575 At
1134 1549 1211 1575 nec
1242 1534 1506 1590 propositum
1537 1534 1665 1574 ullum
1696 1533 1788 1584 fuit,
1823 1536 1867 1574 et

250 1604 284 1645 si
326 1603 489 1652 fuisset,
533 1602 749 1657 duplicata
789 1600 923 1656 gloria
959 1599 1260 1641 discessissem.
1324 1600 1540 1641 Bonorum
1577 1599 1677 1640 mihi
1709 1599 1866 1654 praesi-

250 1670 363 1710 dium
405 1668 617 1709 defuisse?
659 1668 811 1707 falsum
852 1671 932 1707 cst.
1017 1666 1092 1707 Me
1134 1671 1315 1707 mortem
1354 1666 1572 1707 timuisse?
1621 1670 1745 1720 turpe
1785 1670 1864 1707 est.

252 1733 494 1775 XXXVI.
530 1732 769 1773 Dicendum
796 1731 926 1786 igitur
948 1735 1014 1771 est
1037 1730 1078 1771 id
1101 1732 1212 1786 quod
1235 1746 1317 1771 non
1341 1731 1537 1781 dicerem,
1561 1730 1640 1771 nisi
1664 1735 1862 1772 coactus:

250 1801 354 1841 nihil
376 1799 486 1840 enim
518 1813 717 1853 umquam
739 1798 790 1838 de
823 1812 887 1837 me
919 1796 1005 1837 dixi
1028 1796 1235 1837 sublatius
1256 1797 1525 1837 asciscendae
1557 1795 1694 1837 laudis
1715 1810 1867 1837 caussa

252 1865 395 1921 potius
436 1879 559 1919 quam
602 1863 786 1904 criminis
824 1861 1087 1916 depellendi:
1132 1861 1225 1903 dico
1259 1861 1402 1917 igitur,
1446 1867 1489 1903 et
1529 1877 1655 1917 quam
1696 1876 1868 1917 possum

253 1931 437 1972 maxima
470 1945 570 1971 voce
604 1929 901 1981 dico—Quum
938 1927 1123 1969 omnium
1159 1929 1420 1984 perditorum
1462 1933 1506 1970 et
1548 1929 1868 1984 conjuratorum

298 2057 351 2086 35.
377 2065 412 2084 ea
432 2054 543 2093 unius]
571 2054 629 2090 C.;
654 2056 661 2069 ¹
676 2063 746 2082 mea
766 2051 884 2089 uuius‚'
911 2053 1037 2089 Baiter;

258 2102 266 2116 ‘
277 2097 381 2133 illius‚’
399 2098 564 2127 Orelli.—‘
577 2097 660 2131 facti,
675 2096 758 2136 quod
773 2119 780 2126 .
794 2119 801 2126 .
817 2118 824 2125 .
839 2097 1003 2135 gessissem
1017 2096 1036 2126 :'

255 2141 429 2172 Markland
455 2140 576 2170 attacks
604 2140 659 2169 the
684 2139 905 2169 rhetorician's
932 2140 1036 2169 Latin.

257 2186 379 2215 Gesner
395 2184 510 2214 admits
527 2184 597 2213 that
620 2184 759 2213 ‘factum
783 2193 891 2222 gerere
904 2182 910 2194 '
932 2183 958 2212 is
982 2186 1039 2213 not

256 2239 330 2267 very
359 2231 469 2264 exact3
502 2227 560 2256 but
590 2227 630 2256 he
657 2226 729 2256 asks
755 2226 780 2255 if
804 2226 858 2256 the
881 2226 985 2256 father
1008 2226 1043 2256 of

257 2272 430 2310 eloquence
451 2271 553 2309 might
576 2274 634 2299 not
655 2270 838 2299 sometimes
859 2269 899 2299 be
920 2280 938 2299 a
958 2269 1040 2299 little

258 2315 400 2344 careless.
448 2314 584 2343 Fui-ther
610 2324 652 2342 on
677 2313 731 2343 the
756 2313 860 2343 writer
888 2313 943 2342 has
969 2318 1039 2343 ‘re-

258 2357 382 2393 ti11e1·e,'
401 2357 502 2386 which
518 2356 611 2386 Wolf
633 2367 703 2395 says
720 2356 835 2386 should
851 2356 890 2386 be
908 2357 1007 2386 ‘tueri
1019 2356 1037 2393 3’

258 2400 322 2431 and
347 2410 381 2430 so
405 2400 430 2429 it
453 2399 556 2428 would
583 2400 661 2429 have
684 2399 775 2435 been,
799 2399 826 2428 if
848 2399 957 2429 Cicero
978 2399 1040 2429 had

259 2444 384 2473 written
409 2443 471 2472 this
496 2442 675 2482 speecli.—⁴
685 2442 791 2481 jurato
807 2442 933 2479 diccre,’
949 2443 1041 2472 when

260 2487 300 2517 lie
316 2486 432 2516 retired
450 2486 530 2514 from
548 2485 602 2514 the
619 2485 812 2524 consulship.
839 2486 897 2514 See
914 2485 968 2514 the
986 2486 1041 2515 In-

260 2530 342 2560 trod.
360 2533 393 2559 to
410 2529 499 2558 these
516 2529 666 2564 orations,
683 2529 745 2557 and
761 2528 811 2558 Ad
829 2529 901 2557 Div.
918 2539 947 2558 v,
965 2531 995 2558 2.

305 2576 401 2611 turpe
417 2572 490 2611 est]
519 2572 583 2601 But
599 2571 624 2600 it
641 2581 711 2610 may
726 2571 764 2600 be
780 2575 861 2607 true,
878 2571 1001 2610 though
1018 2572 1043 2601 it

261 2617 288 2647 is
316 2614 450 2654 ‘turpe’
497 2614 571 2644 And
596 2615 680 2643 what
704 2614 760 2643 has
788 2614 830 2643 all
857 2614 919 2643 this
945 2617 977 2643 to
1001 2615 1042 2644 do

261 2659 337 2690 with
361 2659 409 2688 his
433 2658 556 2688 house?
602 2657 663 2687 We
686 2667 739 2686 are
763 2667 804 2686 no
829 2667 940 2686 nearer
962 2660 995 2687 to
1019 2658 1043 2687 it

284 2706 325 2733 et.

261 2715 280 2743 y
306 2747 358 2776 36.
379 2744 554 2783 sublatius]
583 2742 770 2774 Gulielmius
781 2743 1044 2782 suggested‘suf-

262 2788 392 2818 flatius.’
439 2788 591 2818 Graevius
615 2786 758 2815 wonders
785 2790 818 2815 at
845 2786 1043 2823 Gulielmius,

262 2833 333 2862 who
351 2831 403 2861 did
427 2835 484 2861 not
504 2829 682 2860 remember
697 2829 780 2858 what
797 2829 907 2859 Cicero
925 2839 994 2868 says
1011 2830 1043 2858 in

262 2876 318 2905 the
335 2875 464 2910 Brutus,
487 2884 513 2904 c.
537 2876 578 2903 55
593 2886 599 2902 :
626 2876 644 2889 “
658 2872 720 2902 duo
736 2882 851 2911 genera
868 2872 1043 2912 (oratorum

262 2918 434 2958 bonorum)
451 2920 537 2954 sunt,
560 2927 659 2946 unum
683 2919 846 2946 attenuate
862 2925 1043 2955 presseque,

1084 2053 1219 2083 alterum
1272 2053 1397 2084 sublate
1442 2054 1612 2094 ampleque
1657 2053 1866 2084 dicentium.'’

1084 2097 1150 2126 But
1168 2097 1358 2127 Gulielmius
1374 2108 1446 2137 may
1463 2097 1542 2128 have
1559 2098 1696 2136 thought
1720 2098 1790 2128 that
1813 2097 1868 2127 the

1084 2143 1091 2156 ⁴
1105 2139 1278 2170 sublatius'
1297 2141 1333 2170 of
1353 2141 1416 2170 this
1432 2151 1563 2180 passage
1579 2141 1605 2171 is
1622 2145 1679 2171 not
1694 2141 1749 2171 the
1774 2140 1868 2170 ‘sub-

1084 2183 1166 2213 late’
1185 2183 1220 2213 of
1233 2184 1288 2213 the
1305 2184 1435 2214 Brutus·

1129 2228 1272 2257 maxima
1288 2228 1377 2267 voce]
1426 2227 1496 2257 The
1513 2228 1617 2257 writer
1633 2227 1689 2257 has
1706 2227 1868 2266 forgotten

1084 2270 1189 2300 whom
1207 2271 1247 2300 he
1262 2271 1288 2300 is
1301 2271 1496 2310 addressing.
1519 2271 1589 2300 The
1607 2274 1692 2300 ‘rem
1709 2271 1868 2310 publicam

1085 2324 1153 2343 esse
1169 2314 1288 2343 salvam
1308 2315 1414 2353 jurato
1427 2315 1434 2326 ’
1455 2314 1481 2343 is
1505 2314 1569 2343 still
1592 2315 1625 2344 in
1641 2314 1689 2344 his
1706 2324 1867 2353 memory3

1084 2357 1146 2386 aud
1171 2357 1225 2386 the
1249 2368 1380 2396 passage
1396 2357 1432 2387 of
1452 2357 1563 2387 Cicero
1582 2357 1646 2397 (Ad
1664 2357 1751 2387 Fam.
1769 2368 1798 2386 v.
1817 2356 1867 2397 2):

1087 2404 1106 2417 “
1119 2410 1234 2439 magna
1255 2410 1331 2430 voce
1351 2401 1454 2439 juravi
1472 2400 1671 2430 verissimum
1695 2400 1869 2440 pulcherri-

1088 2453 1240 2482 mumque
1264 2443 1498 2482 jusjurandum,
1523 2444 1608 2483 quod
1632 2444 1768 2483 populus
1791 2444 1868 2473 item

1087 2496 1202 2525 magna
1217 2496 1293 2516 voce
1310 2496 1361 2515 me
1377 2496 1449 2516 vere
1461 2487 1585 2525 jurasse
1597 2486 1749 2525 juravit.‘’
1795 2486 1869 2517 And

1087 2529 1171 2558 what
1197 2529 1272 2559 does
1299 2529 1339 2558 he
1366 2539 1420 2568 say
1444 2529 1526 2558 after
1551 2530 1615 2559 this
1643 2530 1771 2560 notice?
1799 2533 1870 2559 ‘me

1087 2572 1202 2601 vidisse
1214 2595 1220 2601 .
1234 2595 1241 2601 .
1255 2595 1261 2601 .
1274 2571 1419 2602 futuras.'
1454 2572 1557 2602 There
1573 2573 1677 2602 would
1694 2574 1773 2603 have
1788 2573 1870 2602 been

1088 2625 1129 2645 no
1151 2615 1320 2654 ‘reliquiae
1332 2614 1340 2627 ⁷
1362 2619 1394 2645 at
1410 2616 1461 2651 all,
1479 2616 1505 2645 if
1518 2616 1557 2645 he
1574 2616 1636 2645 had
1653 2616 1732 2646 been
1756 2616 1870 2646 beaten

1088 2659 1120 2687 in
1148 2658 1202 2687 the
1229 2658 1378 2696 struggle.
1425 2659 1516 2688 Then
1544 2669 1590 2688 we
1617 2659 1696 2689 have
1723 2670 1762 2689 an
1786 2659 1869 2688 anti-

1090 2701 1187 2730 thesis
1203 2701 1239 2730 of
1256 2701 1439 2731 ‘concidere
1451 2701 1458 2715 '
1476 2702 1539 2731 and
1558 2703 1717 2732 ‘occidere
1729 2703 1748 2739 ;'
1774 2705 1781 2719 ‘
1795 2712 1869 2732 con-

1091 2743 1215 2780 cidcre‚'
1241 2744 1346 2783 being,
1363 2755 1397 2774 as
1416 2745 1507 2775 Wolf
1525 2755 1606 2785 says,
1632 2746 1774 2775 “cadere
1797 2755 1869 2774 cum

1090 2787 1198 2816 dolore
1226 2788 1270 2817 sic
1300 2791 1336 2817 ut
1366 2788 1494 2818 excitari
1525 2792 1558 2817 et
1586 2789 1720 2818 recreari
1749 2789 1868 2828 possis;

1090 2830 1245 2865 occidere,
1278 2831 1388 2860 cadere
1419 2841 1491 2860 cum
1523 2832 1630 2867 exitio,
1667 2842 1739 2862 cum
1770 2832 1868 2861 inter-

1089 2872 1170 2902 itu.”
1216 2874 1309 2903 Wolf
1336 2874 1424 2909 adds,
1459 2875 1522 2904 “in
1551 2874 1755 2914 sequentibus
1790 2874 1869 2903 nihil

1089 2919 1155 2946 tam
1180 2920 1302 2947 eertum
1329 2921 1387 2955 est,
1414 2928 1510 2957 quam
1537 2918 1623 2958 quod
1648 2919 1747 2949 sensit
1773 2917 1868 2947 homo
