2063 3242
303 167 386 208 286
606 165 784 207 ORAT.
820 165 940 207 PRO
975 165 1023 208 L.
1049 164 1330 206 VALERIO
1365 165 1603 208 FLACCO

302 280 553 322 audiendum
578 280 657 321 sibi
679 281 730 322 de
761 280 923 322 ambitu
946 280 1124 336 putavit,
1148 295 1276 335 quum
1307 280 1462 321 bellum
1488 281 1577 336 jam
1597 284 1772 336 gerente
1796 279 1909 322 Cati-

303 347 387 388 lina
418 362 564 388 omnes
594 362 661 387 me
691 352 863 388 auctore
894 347 999 387 duos
1031 347 1224 387 consules
1257 346 1461 388 Kalendis
1497 347 1597 388 Jan.
1632 346 1787 388 scirent
1817 361 1909 387 esse

305 417 512 468 oportere.
577 411 783 453 Innocens
814 417 857 452 et
879 412 1014 452 bonus
1034 411 1096 452 vir
1117 416 1160 453 et
1182 413 1374 452 omnibus
1395 413 1520 453 rebus
1543 418 1715 454 ornatus
1742 412 1808 453 bis
1830 412 1910 453 1100

304 493 414 519 anno
430 493 495 519 me
510 477 760 519 defendente
776 477 996 518 absolutus
1012 482 1078 518 est
1096 476 1150 518 A.
1171 477 1392 518 Thermus.
1456 477 1625 530 Quanta
1642 478 1701 518 rei
1719 477 1910 532 publicae

306 558 454 585 caussa
484 543 648 585 laetitia
678 542 820 598 populi
858 542 1052 592 Romani,
1095 547 1254 597 quanta
1288 543 1519 598 gratulatio
1561 548 1790 584 consecuta
1830 548 1910 583 est.

308 609 481 664 Semper
501 623 651 664 graves
668 613 710 649 et
732 608 945 663 sapientes
961 607 1128 662 judices
1145 607 1187 648 in
1208 609 1333 649 rebus
1349 608 1602 663 judicandis,
1628 608 1729 663 quid
1749 607 1911 648 utilitas

306 675 501 724 civitatis,
526 674 623 729 quid
646 673 878 715 communis
898 674 1024 723 salus,
1048 674 1146 729 quid
1168 673 1228 725 rej
1250 674 1440 729 publicae
1461 679 1652 729 tempora
1672 678 1908 729 poscerent,

307 740 611 795 cogitaverunt.
675 740 814 792 Quum
834 739 990 780 tabella
1011 740 1130 781 vobis
1162 740 1344 789 dabitur,
1363 740 1538 795 judices,
1563 755 1647 781 non
1669 740 1719 780 de
1748 739 1909 780 'Flacco

308 806 476 847 dabitur
516 806 674 847 solum:
722 805 891 847 dabitur
931 806 982 846 de
1023 805 1199 847 ducibus
1234 806 1560 861 auctoribusque
1602 805 1911 846 conservandae

309 871 520 919 civitatis3
555 871 725 912 dabitur
750 871 800 911 de
829 871 1022 912 omnibus
1052 871 1173 912 bonis
1201 872 1387 920 civibus;
1424 872 1594 913 dabitur
1626 872 1677 912 de
1705 870 1913 912 vobismet

307 936 437 992 ipsis3
473 938 641 979 dabitur
673 938 724 978 de
755 936 897 978 liberis
918 937 1082 987 vestris,
1107 938 1158 978 de
1179 938 1278 988 vita,
1305 938 1356 978 de
1386 938 1534 993 patria,
1560 938 1611 978 de
1636 937 1773 978 salute
1802 952 1913 978 com-

307 1004 436 1045 muni.
500 1004 596 1044 Non
613 1003 819 1058 judicatis
852 1003 892 1043 in
919 1003 996 1044 hac
1027 1018 1176 1044 caussa
1209 1003 1259 1044 de
1292 1003 1449 1044 exteris
1476 1003 1730 1051 nationibus,
1754 1018 1836 1044 non
1861 1003 1912 1043 de

308 1069 456 1111 sociis:
492 1070 543 1110 de
564 1069 682 1110 vobis
713 1084 762 1110 ac
795 1069 845 1109 de
871 1074 1011 1110 vestra
1041 1084 1086 1110 re
1118 1069 1285 1124 publica
1310 1069 1528 1124 judicatis.
1591 1068 1694 1109 XL.
1728 1068 1849 1120 Quod
1878 1068 1914 1109 si

308 1135 614 1192 provinciarum
642 1150 716 1175 vos
747 1134 855 1175 ratio
890 1134 1026 1190 magis
1061 1139 1201 1175 movet
1238 1150 1362 1190 quam
1397 1140 1551 1185 vestra,
1591 1149 1669 1190 ego
1700 1149 1798 1175 vero
1830 1148 1914 1174 non

308 1202 434 1242 modo
466 1216 549 1241 non
581 1215 742 1249 recuso,
774 1201 848 1241 sed
879 1200 1007 1240 etiam
1039 1200 1219 1255 postulo,
1242 1204 1290 1241 ut
1320 1201 1626 1256 provinciarum
1659 1200 1914 1242 auctoritate

307 1265 570 1307 moveamini.
633 1265 803 1306 Etenim
829 1280 1088 1320 opponemus
1111 1265 1241 1307 Asiae
1263 1266 1498 1321 provinciae
1519 1266 1699 1322 primum
1720 1281 1915 1321 magnam

308 1336 473 1387 partem
500 1331 689 1386 ejusdem
710 1331 959 1386 provinciae,
985 1345 1090 1386 quae
1117 1347 1192 1386 pro
1215 1332 1339 1385 hujus
1370 1332 1564 1387 periculis
1586 1332 1750 1387 legatos
1771 1332 1914 1372 lauda-

308 1403 505 1452 toresque
536 1396 678 1437 misit:
713 1396 863 1437 deinde
899 1397 1155 1452 provinciam
1187 1396 1379 1447 Galliam,
1417 1397 1674 1453 provinciam
1712 1396 1913 1446 Ciliciam,

308 1462 565 1519 provinciam
599 1461 864 1517 Hispaniam,
887 1462 1145 1517 provinciam
1179 1461 1376 1504 Cretam:
1414 1462 1591 1504 Graecis
1617 1467 1760 1503 autem
1787 1461 1916 1516 Lydis

309 1534 353 1570 et
388 1528 628 1583 Phrygibus
659 1533 704 1569 et
736 1528 875 1584 Mysis
909 1528 1121 1569 obsistent
1159 1528 1458 1579 Massilienses,
1500 1528 1668 1578 Rhodii,
1706 1528 1916 1569 Lacedae-

308 1594 448 1644 monii,
475 1593 771 1643 Athenienses,
798 1599 949 1636 cuncta
981 1594 1159 1642 Achaia,
1195 1595 1423 1646 Thessalia,
1459 1595 1650 1636 Boeotia.
1714 1593 1916 1649 Septimio

310 1665 354 1701 et
386 1659 528 1700 Caelio
561 1660 744 1701 testibus
778 1660 828 1701 P.
854 1660 1053 1701 Servilius
1076 1665 1119 1701 et
1142 1661 1192 1713 Q.
1219 1661 1419 1701 Metellus
1452 1661 1577 1716 hujus
1607 1659 1777 1715 pudoris
1810 1659 1917 1701 inte-

309 1725 561 1779 gritatisque
602 1730 737 1766 testes
783 1727 1091 1781 repugnabunt.
1174 1726 1393 1767 Asiaticae
1435 1725 1718 1781 jurisdictioni
1758 1726 1918 1766 urbana

307 1791 547 1846 jurisdictio
601 1791 884 1846 respondebit.
967 1791 1112 1832 Annui
1158 1791 1360 1846 temporis
1406 1791 1739 1833 criminationem
1784 1790 1919 1831 omnis

311 1862 432 1898 aetas
471 1856 520 1896 L.
557 1856 701 1897 Flacci
737 1862 780 1897 et
815 1861 1019 1912 perpetua
1058 1857 1144 1898 vita
1186 1856 1397 1898 defendet.
1460 1857 1519 1899 Et
1560 1857 1594 1898 si
1636 1857 1833 1912 prodesse
1870 1856 1918 1896 L.

314 1922 482 1971 Flacco,
505 1922 682 1976 judices,
717 1923 855 1970 debet,
893 1923 1003 1978 quod
1034 1938 1079 1964 se
1110 1923 1328 1963 tribunum
1358 1923 1549 1975 militum,
1584 1924 1695 1979 quod
1726 1928 1919 1979 quaesto-

311 2002 412 2036 rem,
437 1988 549 2042 quod
581 1988 768 2043 legatum
799 1988 1123 2043 imperatoribus
1156 1988 1406 2040 clarissimis,
1450 1989 1708 2031 exercitibus
1744 1989 1920 2031 ornatis-

312 2053 439 2101 simis,
482 2054 706 2108 provinciis
757 2054 1018 2108 gravissimis
1059 2054 1231 2108 dignum
1272 2054 1359 2095 suis
1406 2055 1634 2110 majoribus
1674 2055 1915 2110 praestitit3

312 2120 458 2175 prosit,
483 2120 594 2175 quod
616 2120 694 2171 hic,
727 2120 845 2160 vobis
866 2120 1118 2171 videntibus,
1144 2121 1185 2161 in
1207 2120 1402 2176 periculis
1424 2121 1715 2162 communibus
1737 2121 1921 2162 omnium

312 2190 499 2226 vestrum
519 2200 596 2226 sua
617 2186 800 2240 pericula
823 2201 918 2226 cum
939 2186 1043 2227 meis
1065 2187 1285 2241 conjunxit
1303 2205 1313 2235 ;
1349 2187 1511 2242 prosint
1533 2187 1921 2228 honestissimorum

312 2251 635 2305 municipiorum
682 2251 1021 2306 coloniarumque
1061 2252 1352 2299 laudationes3
1407 2253 1541 2307 prosit
1580 2253 1707 2293 etiam
1748 2257 1921 2292 senatus

314 2316 540 2370 populique
573 2317 752 2357 Romani
783 2317 1000 2372 praeclara
1037 2323 1080 2359 et
1110 2333 1209 2359 vera
1240 2318 1439 2359 laudatio.
1518 2317 1554 2358 O
1588 2332 1673 2357 nox
1706 2317 1774 2358 illa
1815 2332 1920 2372 quae

313 2395 445 2435 paene
478 2385 672 2421 aeternas
694 2382 788 2422 huic
817 2382 909 2422 urbi
931 2383 1127 2423 tenebras
1158 2382 1352 2432 attulisti,
1378 2396 1507 2436 quum
1539 2382 1648 2422 Galli
1668 2383 1722 2423 ad
1754 2383 1918 2433 bellum,

316 2444 498 2485 Catilina
527 2446 579 2486 ad
616 2447 773 2495 urbem,
813 2447 1022 2501 conjurati
1053 2448 1106 2488 ad
1137 2448 1293 2488 ferrum
1325 2452 1368 2488 et
1395 2447 1605 2488 flammam
1633 2448 1917 2496 vocabantur3

315 2525 442 2565 quum
471 2525 549 2565 ego
581 2515 637 2559 te,
664 2511 829 2561 Flacce,
854 2513 1015 2553 caelum
1042 2518 1295 2568 noctemque
1326 2517 1584 2563 contestans,
1617 2514 1721 2555 flens
1751 2515 1923 2555 flentem

315 2576 590 2623 obtestabar3
626 2591 752 2631 quum
786 2582 884 2618 tuae
920 2578 1017 2619 fidei
1059 2579 1242 2634 optimae
1282 2583 1326 2619 et
1368 2579 1701 2633 spectatissimae
1742 2581 1924 2621 salutem

364 2696 547 2736 Thermus]
597 2696 743 2736 Nothing
766 2707 854 2727 more
881 2697 907 2727 is
928 2698 1044 2728 known
1068 2698 1104 2728 of
1144 2698 1177 2727 in
1204 2707 1268 2728 13.c.
1298 2700 1349 2734 63,
1374 2699 1454 2729 after
1480 2700 1583 2730 which
1611 2700 1651 2730 he
1682 2711 1744 2730 was
1769 2711 1924 2739 governor

316 2740 381 2770 this
397 2740 436 2770 A.
453 2741 621 2770 Thermus.
1144 2742 1180 2771 of
1201 2742 1276 2771 Asia
1301 2742 1348 2772 for
1368 2753 1386 2772 a
1412 2753 1486 2782 year
1507 2744 1619 2782 (annui
1645 2743 1878 2784 temporis).-‘
1893 2744 1922 2774 O

361 2784 495 2823 tabella]
546 2783 604 2813 See
620 2783 693 2813 Vol.
710 2783 736 2813 Ι.
756 2783 861 2813 Divin.
875 2794 900 2814 c.
919 2784 951 2820 7,
969 2784 1031 2814 and
1044 2785 1099 2814 the
1144 2795 1205 2814 nox
1223 2785 1274 2814 illa
1289 2784 1307 2814 ε’
1332 2786 1386 2815 the
1408 2786 1499 2825 night
1524 2797 1564 2816 on
1581 2787 1682 2817 which
1703 2788 1757 2817 the
1780 2788 1922 2817 Praetors

316 2830 403 2856 note.
1147 2828 1276 2857 Flaccus
1301 2829 1362 2858 and
1381 2829 1568 2869 Pomptinus
1585 2831 1686 2860 seized
1703 2831 1758 2860 the
1774 2831 1870 2869 legati
1890 2831 1922 2859 ot

360 2871 413 2900 40.
438 2873 554 2900 czmcla
570 2870 725 2909 Achaim]
754 2870 812 2900 See
828 2880 854 2899 c.
872 2871 924 2900 ⁶26.
1144 2871 1198 2901 the
1215 2871 1401 2911 Allobroges
1418 2873 1494 2902 with
1510 2874 1565 2903 the
1585 2874 1694 2903 letters
1716 2874 1752 2903 of
1770 2874 1825 2904 the
1846 2883 1920 2904 con-

361 2913 502 2952 urbana]
546 2913 676 2944 Flaccus
692 2923 754 2944 was
772 2916 779 2930 ⁴
791 2916 918 2952 praetor
936 2913 1077 2944 urbanus
1089 2913 1097 2927 '
1144 2915 1294 2954 spirators
1310 2925 1351 2945 on
1368 2916 1466 2946 them.
1514 2916 1568 2958 (In
1585 2916 1655 2947 Cat.
1671 2917 1712 2947 iv.
1729 2915 1776 2957 9.)
