2063 3242
327 172 380 210 50
709 167 886 209 ORAT.
921 166 982 209 ΙΙ.
1017 167 1081 207 ΙΝ
1116 166 1165 207 L.
1186 166 1539 208 CATILINAM

327 282 457 324 etiam
476 285 605 337 atque
627 281 755 323 etiam
775 281 876 321 volo.
941 280 1043 321 Mea
1064 280 1216 322 lenitas
1236 280 1371 320 adhuc
1392 280 1426 320 si
1448 279 1514 321 cui
1535 278 1711 320 solutior
1732 277 1820 319 visa
1841 282 1919 325 est,

327 349 407 389 hoc
429 348 703 403 exspectavit,
728 353 774 388 ut
794 347 836 387 id
858 347 969 402 quod
990 346 1151 387 latebat
1173 351 1425 401 erumperet.
1474 345 1596 397 Quod
1616 345 1819 400 reliquum
1841 349 1919 393 est,

323 413 411 468 jam
434 427 516 453 non
538 427 706 467 possum
727 412 910 452 oblivisci
932 426 1067 452 meam
1094 411 1202 451 hanc
1232 425 1324 451 esse
1350 411 1542 465 patriam,
1566 425 1631 450 me
1655 411 1803 450 horum
1831 423 1922 450 esse

330 477 554 525 consulem,
579 477 678 517 mihi
698 483 772 517 3111
795 492 888 517 611111
910 477 975 517 1115
997 476 1218 516 vivendum
1244 481 1318 516 aut
1343 490 1417 529 pro
1449 476 1513 516 his
1535 490 1625 516 esse
1650 475 1923 515 moriendum.

330 542 482 583 Nullus
503 547 568 583 est
595 542 728 597 portis
753 546 907 591 custos,
931 541 1069 581 nullus
1094 540 1314 581 insidiator
1336 540 1450 587 viae3
1486 540 1519 580 si
1543 540 1611 595 qui
1634 540 1745 581 exire
1766 539 1923 585 volunt,

331 608 549 649 consulere
571 607 649 648 sibi
670 612 874 662 possunt:
909 607 978 662 qui
1001 621 1098 647 vero
1122 620 1166 647 se
1193 606 1233 645 in
1255 606 1358 645 urbe
1391 606 1674 655 commoverit,
1699 605 1817 659 cujus
1847 619 1926 659 ego

332 688 416 714 non
443 673 567 713 modo
597 673 756 714 factum
780 672 853 713 sed
884 672 1095 727 inceptum
1133 670 1261 711 ullum
1293 674 1540 711 conatumve
1573 675 1720 711 contra
1748 669 1927 724 patriam

334 738 658 793 deprehendero,
696 737 852 778 sentiet
883 737 925 777 in
959 737 1037 778 hac
1074 737 1177 777 urbe
1212 750 1303 776 esse
1338 735 1529 776 consules
1564 734 1797 790 vigilantes,
1836 747 1928 774 esse

333 803 525 858 egregios
558 802 842 857 magistratus,
873 816 964 843 esse
999 801 1150 843 fortem
1187 805 1393 851 senatum,
1429 814 1522 841 6556
1553 814 1679 850 arma,
1713 813 1803 840 6556
1840 813 1928 839 car-

334 882 484 917 cerem,
532 882 655 922 quem
705 867 909 908 vindicem
958 866 1211 907 nefariorum
1261 880 1311 907 ac
1359 865 1677 906 manifestorum
1725 864 1929 905 scelerum

335 933 518 987 majores
539 932 672 973 nostri
694 947 784 973 esse
806 933 1038 973 voluerunt.

395 997 536 1038 XIII.
570 998 713 1052 Atque
738 998 840 1038 haec
870 997 1010 1038 onmia
1036 996 1096 1037 sic
1124 1001 1315 1050 agentur,
1340 995 1538 1048 Quirites,
1560 1000 1609 1036 ut
1635 994 1842 1035 maximae
1864 1008 1932 1034 res

337 1062 508 1103 minimo
529 1068 659 1111 motu,
684 1062 867 1117 pericula
894 1077 1056 1103 summa
1083 1061 1193 1101 nullo
1222 1061 1417 1111 tumultu,
1441 1061 1592 1101 bellum
1615 1060 1860 1101 intestinum
1881 1073 1931 1100 ac

339 1127 614 1168 domesticum
636 1133 733 1182 post
758 1127 969 1168 hominum
998 1127 1240 1167 memoriam
1261 1126 1591 1166 crudelissimum
1618 1140 1666 1165 ac
1692 1125 1929 1174 maximum,

338 1207 405 1233 me
430 1206 512 1232 uno
538 1197 686 1246 togato
718 1193 821 1233 duce
853 1198 895 1233 et
927 1192 1180 1247 imperatore
1207 1192 1390 1232 sedetur.
1452 1191 1573 1243 Quod
1605 1205 1682 1246 ego
1714 1190 1773 1231 sic
1803 1189 1934 1230 admi-

339 1257 539 1304 nistrabo,
573 1257 769 1308 Quirites,
797 1263 857 1307 ut,
882 1258 915 1297 si
943 1258 1027 1297 ullo
1058 1257 1181 1297 modo
1213 1256 1302 1297 fieri
1334 1256 1499 1311 poterit,
1523 1271 1574 1296 ne
1603 1255 1816 1310 improbus
1847 1255 1935 1310 qui-

341 1323 434 1362 dem
456 1322 672 1376 quisquam
694 1322 734 1362 in
758 1323 832 1362 hac
855 1323 957 1363 urbe
979 1337 1157 1376 poenam
1178 1321 1242 1362 sui
1268 1321 1437 1362 sceleris
1458 1321 1645 1362 sufferat.
1707 1320 1792 1361 Sed
1819 1320 1853 1360 si
1875 1320 1937 1361 vis

340 1387 587 1427 manifestae
609 1387 820 1437 audaciae,
846 1387 879 1427 si
910 1387 1155 1441 impendens
1176 1387 1336 1441 patriae
1360 1386 1586 1441 periculum
1608 1400 1674 1426 me
1702 1386 1936 1427 necessario

342 1451 392 1492 de
424 1452 502 1492 hac
534 1452 659 1492 animi
691 1452 861 1493 lenitate
894 1452 1126 1501 deduxerit,
1158 1452 1256 1492 illud
1289 1452 1477 1507 profecto
1508 1451 1733 1506 perficiam,
1757 1452 1867 1506 quod
1896 1452 1938 1492 in

342 1521 463 1558 tanto
486 1523 529 1558 et
555 1523 642 1558 tam
674 1517 872 1558 insidioso
894 1517 1002 1558 bello
1025 1517 1091 1557 vix
1118 1518 1350 1573 optandum
1370 1517 1546 1566 videtur,
1571 1523 1619 1558 ut
1645 1531 1780 1572 neque
1805 1518 1939 1557 bonus

344 1582 561 1637 quisquam
591 1582 783 1633 intereat,
808 1597 1118 1638 paucorumque
1149 1598 1283 1638 poena
1311 1597 1384 1623 vos
1415 1597 1559 1624 omnes
1590 1582 1692 1623 salvi
1723 1597 1814 1623 esse
1845 1597 1939 1637 pos-

344 1647 449 1688 sitis.
513 1647 631 1698 Quae
673 1647 839 1702 quidem
881 1663 959 1703 ego
999 1663 1134 1703 neque
1174 1663 1265 1688 mea
1301 1648 1534 1702 prudentia,
1573 1663 1707 1703 neque
1747 1648 1940 1689 humanis

345 1712 526 1753 consiliis
562 1713 693 1753 fretus
726 1713 920 1767 polliceor
951 1713 1079 1760 vobis,
1110 1712 1306 1764 Quirites,
1334 1714 1407 1754 sed
1439 1713 1580 1754 multis
1610 1720 1654 1754 et
1690 1728 1771 1754 non
1803 1713 1940 1753 dubiis

348 1778 520 1817 deorum
541 1778 838 1818 immortalium
860 1778 1246 1833 significationibus,
1269 1778 1417 1833 quibus
1449 1793 1527 1833 ego
1557 1778 1733 1819 ducibus
1760 1778 1800 1818 in
1832 1778 1940 1818 hanc

349 1905 429 1935 have
455 1904 500 1933 ‘si
524 1905 573 1934 cui
595 1905 698 1934 adhuc
714 1905 868 1935 solutior.’
915 1906 1053 1946 Perhaps
1069 1906 1124 1937 the
1167 1909 1233 1936 tam
1257 1907 1288 1936 in
1313 1907 1458 1937 maximis
1474 1906 1578 1944 rebus,
1602 1907 1687 1937 domi
1706 1908 1814 1947 togati,
1831 1908 1943 1938 armati

350 1949 411 1978 less
427 1947 517 1976 usual
532 1947 632 1982 order,
655 1948 710 1977 the
725 1948 816 1978 order
832 1949 863 1977 in
879 1949 934 1978 the
950 1953 1027 1986 text,
1053 1960 1124 1989 may

350 1991 390 2020 be
406 1991 460 2020 the
475 1991 610 2028 genuine
625 1991 726 2020 words
742 1992 779 2020 of
791 1991 911 2021 Cicero.

395 2034 558 2063 consulere
572 2034 634 2063 sibi
644 2037 779 2072 possunt
791 2034 816 2073 :]
848 2035 941 2064 Halm
958 2034 1014 2064 has
1030 2035 1124 2065 taken

351 2076 406 2106 the
429 2076 557 2114 reading
580 2076 615 2105 of
635 2086 653 2105 a
676 2076 733 2105 few
751 2077 846 2106 MSS.
866 2078 1029 2107 ‘conivere
1053 2088 1124 2117 pos-

353 2118 444 2149 sum.’
493 2123 500 2134 ⁸
515 2119 686 2148 Conivere’
711 2120 737 2148 is
761 2123 768 2136 ⁴
783 2121 947 2150 connivere
960 2120 979 2150 ε’
1006 2121 1043 2150 ‘I
1069 2131 1126 2150 6311

353 2162 428 2192 511111
445 2171 495 2200 my
512 2162 606 2200 eyes.'
633 2162 759 2191 Besides
773 2167 834 2192 two
849 2163 943 2193 MSS.
957 2164 1073 2203 quoted
1085 2164 1127 2202 by

356 2205 463 2239 Halm,
482 2204 520 2233 he
539 2204 615 2234 adds
638 2215 672 2234 as
699 2206 857 2245 authority
875 2206 922 2235 for
942 2210 949 2223 ‘
961 2207 1104 2236 conivere
1119 2207 1125 2219 ¹

353 2248 408 2278 the
423 2247 579 2285 following
593 2259 598 2276 :
618 2251 637 2264 “
651 2248 766 2282 Schol.,
780 2249 909 2285 Probus,
924 2260 954 2288 p.
972 2251 1061 2286 1482,
1080 2250 1128 2286 P.‚

355 2290 505 2321 Claudius
528 2290 678 2320 Sacerdos
700 2301 729 2329 p.
752 2293 793 2321 (54
814 2292 933 2331 (Schol.
955 2295 986 2321 et
1004 2293 1127 2322 Sacerd.

355 2332 551 2365 coniber·e).'’
576 2333 679 2363 There
691 2344 742 2363 are
755 2335 844 2363 other
857 2335 1035 2371 variations,
1053 2336 1128 2365 such

355 2386 389 2406 35
405 2380 411 2392 ⁴
424 2375 591 2410 cohihere,'
610 2377 836 2406 ‘conniovere.'

400 2428 462 2448 nou
489 2425 580 2447 mono
601 2419 733 2456 factum
762 2420 817 2448 sed
844 2421 1020 2460 inceptum]
1057 2421 1129 2451 One

357 2461 430 2492 MS.
454 2461 510 2490 1135
535 2461 607 2490 ‘sed
632 2472 672 2491 116
694 2462 853 2500 inceptum
883 2464 1006 2501 quidem
1022 2462 1041 2499 3’
1068 2464 1129 2493 and

359 2514 445 2534 some
468 2504 545 2533 have
573 2508 579 2519 ¹
595 2504 647 2533 sed
664 2504 712 2533 vel
738 2505 921 2543 inceptuni.'
971 2506 998 2535 lt
1023 2507 1049 2536 is
1074 2510 1130 2535 not

358 2547 448 2576 usual
464 2551 496 2576 to
513 2547 590 2576 have
605 2547 667 2576 this
684 2547 763 2576 form
788 2548 823 2576 of
842 2549 1022 2586 expression
1040 2549 1129 2578 with-

359 2594 415 2619 out
430 2590 484 2619 the
500 2589 657 2628 emphatic
674 2593 681 2606 ⁴
695 2590 789 2619 ctiam
803 2590 809 2602 '
827 2591 906 2619 after
928 2594 934 2607 ¹
949 2591 1026 2621 se(l.'
1074 2593 1131 2621 See

359 2633 431 2662 Vol.
452 2632 477 2662 I.
496 2632 662 2671 Appendix
679 2642 717 2661 on
736 2633 808 2662 Non
827 2633 931 2661 inodo.

407 2676 455 2705 13.
480 2685 541 2704 mm
569 2675 691 2714 toyato]
732 2676 768 2704 In
794 2675 848 2704 the
871 2676 940 2705 civil
964 2677 1059 2711 111655,
1077 2677 1131 2705 the

361 2718 447 2747 dress
473 2718 509 2747 of
534 2728 636 2757 peace,
664 2722 719 2747 not
745 2718 798 2747 the
831 2718 1128 2757 ‘palndaincntumf

362 2761 440 2791 Cato
457 2771 526 2800 says
542 2761 574 2790 in
590 2771 608 2790 a
622 2761 713 2790 letter
729 2764 761 2790 to
779 2761 888 2790 Cicero
911 2760 974 2801 (Ad
995 2763 1064 2791 Div.
1082 2772 1132 2791 xv.

362 2803 420 2844 5):
456 2803 582 2836 “Quod
608 2809 641 2833 et
666 2814 715 2833 165
742 2803 867 2843 publica
895 2815 943 2832 mc
969 2808 1000 2834 et
1028 2808 1134 2833 nostra

363 2846 499 2876 amicitia
523 2847 676 2882 hortatur,
708 2846 841 2876 libenter
870 2846 959 2882 facio,
989 2851 1022 2876 ut
1046 2852 1132 2876 tuam

364 2889 523 2925 virtutem,
547 2889 770 2925 innocentiam,
797 2889 999 2927 diligentiam,
1027 2890 1133 2929 cogni-

1168 1950 1253 1985 foris‚
1271 1951 1337 1989 pari
1354 1950 1506 1981 industria
1528 1951 1740 1980 administrari
1756 1951 1943 1990 gaudeani.'’

1169 1992 1325 2032 Compare
1342 1993 1379 2022 In
1398 1993 1466 2023 Cat.
1484 1994 1526 2023 iii.
1544 1994 1574 2023 6.

1212 2038 1267 2065 vioe
1284 2036 1474 2075 oplandum]
1512 2036 1563 2065 He
1586 2046 1694 2066 means
1712 2037 1782 2066 that
1798 2047 1833 2067 so
1849 2037 1944 2067 much

1171 2079 1261 2108 could
1277 2079 1387 2118 hardly
1404 2079 1442 2108 be
1458 2080 1627 2119 expected3
1651 2079 1710 2109 but
1728 2080 1767 2109 he
1783 2090 1945 2119 expresses

1171 2122 1194 2151 it
1210 2122 1240 2150 in
1258 2122 1320 2151 this
1343 2122 1443 2152 form:
1470 2126 1534 2152 ‘we
1557 2123 1648 2152 could
1672 2123 1782 2163 hardly
1799 2123 1875 2152 wish
1898 2124 1946 2152 for

1172 2174 1206 2194 so
1237 2165 1329 2194 much
1345 2164 1364 2201 ;'
1399 2165 1448 2194 for
1477 2175 1534 2195 our
1564 2166 1675 2195 wishes
1705 2176 1757 2195 are
1787 2167 1946 2206 generally

1172 2207 1319 2237 bounded
1330 2208 1440 2237 within
1452 2208 1507 2238 the
1516 2209 1613 2237 limits
1624 2209 1659 2238 of
1667 2209 1750 2238 what
1759 2209 1785 2238 is
1798 2209 1945 2248 possible.

1217 2251 1612 2290 neque-paucorumque]
1636 2256 1642 2268 ‘
1655 2251 1867 2290 Neque—et,r
1885 2252 1947 2282 and

1175 2296 1182 2310 ‘
1194 2293 1346 2323 nec-—et’
1365 2304 1457 2324 occur
1473 2294 1651 2333 frequently
1666 2294 1698 2323 in
1712 2294 1831 2324 Cicero.
1859 2298 1866 2311 ‘
1880 2295 1946 2325 Ne-

1174 2346 1340 2375 que-que
1352 2336 1359 2349 ¹
1372 2337 1398 2366 is
1411 2340 1467 2366 not
1480 2346 1513 2366 so
1524 2340 1734 2366 common.—‘
1743 2347 1796 2366 vos
1807 2347 1917 2368 omnes
1926 2337 1946 2368 ι’

1173 2379 1263 2408 there
1290 2380 1315 2408 15
1341 2390 1359 2408 3
1385 2380 1514 2418 reading
1537 2382 1611 2409 ‘vos
1631 2380 1696 2418 jain
1721 2381 1859 2417 omnes3'
1885 2381 1948 2410 and

1173 2422 1305 2451 another
1331 2425 1405 2451 ‘vos
1431 2432 1539 2451 omnes
1559 2422 1646 2461 jam‚'
1668 2422 1768 2452 which
1790 2424 1815 2453 15
1835 2427 1890 2454 not
1913 2434 1947 2454 5ο

1174 2464 1264 2503 good.

1217 2507 1531 2546 siqnificatimzibus,]
1583 2508 1677 2537 Halm
1709 2508 1854 2539 observes
1880 2510 1949 2539 that

1176 2560 1220 2579 we
1243 2550 1335 2579 know
1352 2550 1485 2588 nothing
1510 2560 1597 2579 more
1622 2551 1718 2580 about
1739 2552 1828 2581 these
1851 2553 1948 2591 signs.

1175 2593 1278 2622 There
1304 2603 1384 2622 were
1411 2593 1524 2632 always
1552 2594 1636 2631 signs
1663 2598 1695 2623 at
1723 2594 1830 2629 Rome,
1857 2596 1948 2625 when

1175 2645 1235 2673 any
1262 2635 1354 2673 thing
1379 2636 1513 2665 unusual
1541 2646 1601 2665 was
1629 2637 1722 2674 going
1752 2641 1785 2666 to
1812 2638 1947 2677 happen.

1176 2678 1323 2707 Muretus
1349 2688 1499 2717 supposes
1526 2678 1594 2708 that
1622 2679 1709 2708 these
1736 2690 1807 2715 may
1832 2681 1871 2710 be
1895 2681 1950 2711 the

1176 2721 1260 2750 sia-ns
1278 2721 1457 2750 mentioned
1475 2721 1513 2761 by
1533 2721 1615 2751 Dion
1635 2722 1700 2762 (37.
1719 2732 1743 2752 c.
1762 2714 1808 2762 55,
1830 2724 1891 2753 and
1909 2725 1950 2763 by

1179 2763 1325 2792 Plutarch
1354 2763 1489 2802 ((’11-610,
1515 2775 1540 2793 6.
1570 2765 1647 2804 20);
1671 2765 1728 2794 bnt
1755 2766 1842 2795 111656
1865 2767 1950 2805 signs

1178 2805 1342 2844 happened
1367 2807 1447 2836 after
1467 2807 1618 2837 1160101115
1635 2818 1696 2837 was
1720 2809 1892 2847 compelled
1916 2812 1950 2839 to

1177 2848 1319 2877 abdicate
1335 2849 1389 2878 the
1405 2850 1612 2889 practorship,
1629 2851 1690 2880 and
1708 2851 1785 2881 later
1804 2852 1880 2882 than
1896 2852 1952 2882 the

1177 2891 1254 2920 time
1270 2891 1360 2921 when
1376 2892 1438 2921 this
1454 2893 1575 2922 oration
1592 2903 1653 2923 was
1669 2893 1835 2925 delivered.
