<?xml version="1.0" encoding="UTF-8"?>
<!DOCTYPE html PUBLIC "-//W3C//DTD XHTML 1.0 Transitional//EN"
    "http://www.w3.org/TR/xhtml1/DTD/xhtml1-transitional.dtd">
<html xmlns="http://www.w3.org/1999/xhtml" xml:lang="en" lang="en">
 <head>
  <title>
</title>
<meta http-equiv="Content-Type" content="text/html;charset=utf-8" />
  <meta name='ocr-system' content='tesseract 3.04.00' />
  <meta name='ocr-capabilities' content='ocr_page ocr_carea ocr_par ocr_line ocrx_word'/>
</head>
<body>
  <div class='ocr_page' id='page_1' title='image "./orationeswithcom03ciceuoft/orationeswithcom03ciceuoft_0516.png"; bbox 0 0 2063 3242; ppageno 0'>
   <div class='ocr_carea' id='block_1_1' title="bbox 323 202 1466 249">
    <p class='ocr_par' dir='ltr' id='par_1_1' title="bbox 323 202 1466 249">
     <span class='ocr_line' id='line_1_1' title="bbox 323 202 1466 249; baseline -0.004 0"><span class='ocrx_word' id='word_1_1' title='bbox 323 210 406 249; x_wconf 78' lang='lat'>502</span> <span class='ocrx_word' id='word_1_2' title='bbox 795 205 975 247; x_wconf 79' lang='lat' dir='ltr'><strong>ORAT.</strong></span> <span class='ocrx_word' id='word_1_3' title='bbox 1010 202 1130 246; x_wconf 80' lang='lat' dir='ltr'>PRO</span> <span class='ocrx_word' id='word_1_4' title='bbox 1165 204 1215 245; x_wconf 89' lang='lat' dir='ltr'>P.</span> <span class='ocrx_word' id='word_1_5' title='bbox 1251 203 1466 245; x_wconf 85' lang='lat' dir='ltr'>SESTIO</span> 
     </span>
    </p>
   </div>
   <div class='ocr_carea' id='block_1_2' title="bbox 323 308 1946 1952">
    <p class='ocr_par' dir='ltr' id='par_1_2' title="bbox 323 308 1946 1825">
     <span class='ocr_line' id='line_1_2' title="bbox 323 308 1936 378; baseline -0.002 -15"><span class='ocrx_word' id='word_1_6' title='bbox 323 322 398 363; x_wconf 88' lang='lat' dir='ltr'>sed</span> <span class='ocrx_word' id='word_1_7' title='bbox 419 321 559 378; x_wconf 88' lang='lat' dir='ltr'>putari</span> <span class='ocrx_word' id='word_1_8' title='bbox 581 326 750 370; x_wconf 67' lang='lat' dir='ltr'>tamem</span> <span class='ocrx_word' id='word_1_9' title='bbox 787 320 1103 375; x_wconf 87' lang='lat' dir='ltr'>conjuratorum</span> <span class='ocrx_word' id='word_1_10' title='bbox 1131 319 1275 375; x_wconf 87' lang='lat' dir='ltr'>copias</span> <span class='ocrx_word' id='word_1_11' title='bbox 1296 308 1465 360; x_wconf 69' lang='lat' dir='ltr'>veteres</span> <span class='ocrx_word' id='word_1_12' title='bbox 1482 323 1525 360; x_wconf 90' lang='lat' dir='ltr'>et</span> <span class='ocrx_word' id='word_1_13' title='bbox 1548 317 1722 359; x_wconf 83' lang='lat' dir='ltr'>effusam</span> <span class='ocrx_word' id='word_1_14' title='bbox 1752 317 1866 359; x_wconf 88' lang='lat' dir='ltr'>illam</span> <span class='ocrx_word' id='word_1_15' title='bbox 1887 333 1936 360; x_wconf 88' lang='lat' dir='ltr'>ac</span> 
     </span>
     <span class='ocr_line' id='line_1_3' title="bbox 323 383 1939 443; baseline -0.003 -14"><span class='ocrx_word' id='word_1_16' title='bbox 323 393 568 443; x_wconf 77' lang='lat' dir='ltr'>superatam</span> <span class='ocrx_word' id='word_1_17' title='bbox 606 386 812 428; x_wconf 76' lang='lat' dir='ltr'>Catilinae</span> <span class='ocrx_word' id='word_1_18' title='bbox 848 386 1135 440; x_wconf 79' lang='lat' dir='ltr'>importunam</span> <span class='ocrx_word' id='word_1_19' title='bbox 1165 400 1338 425; x_wconf 88' lang='lat' dir='ltr'>manum</span> <span class='ocrx_word' id='word_1_20' title='bbox 1366 399 1472 426; x_wconf 85' lang='lat' dir='ltr'>novo</span> <span class='ocrx_word' id='word_1_21' title='bbox 1506 384 1611 425; x_wconf 88' lang='lat' dir='ltr'>duce</span> <span class='ocrx_word' id='word_1_22' title='bbox 1644 388 1689 425; x_wconf 91' lang='lat' dir='ltr'>et</span> <span class='ocrx_word' id='word_1_23' title='bbox 1724 383 1939 439; x_wconf 84' lang='lat' dir='ltr'>insperata</span> 
     </span>
     <span class='ocr_line' id='line_1_4' title="bbox 325 449 1939 506; baseline -0.004 -11"><span class='ocrx_word' id='word_1_24' title='bbox 325 452 658 495; x_wconf 85' lang='lat' dir='ltr'>commutatione</span> <span class='ocrx_word' id='word_1_25' title='bbox 687 465 828 491; x_wconf 90' lang='lat' dir='ltr'>rerum</span> <span class='ocrx_word' id='word_1_26' title='bbox 856 465 948 491; x_wconf 89' lang='lat' dir='ltr'>esse</span> <span class='ocrx_word' id='word_1_27' title='bbox 980 450 1421 491; x_wconf 79' lang='lat' dir='ltr'>renovatamz—haec</span> <span class='ocrx_word' id='word_1_28' title='bbox 1454 465 1583 506; x_wconf 90' lang='lat' dir='ltr'>quum</span> <span class='ocrx_word' id='word_1_29' title='bbox 1611 449 1808 500; x_wconf 78' lang='lat' dir='ltr'>viderem,</span> <span class='ocrx_word' id='word_1_30' title='bbox 1840 449 1939 505; x_wconf 87' lang='lat' dir='ltr'>quid</span> 
     </span>
     <span class='ocr_line' id='line_1_5' title="bbox 323 514 1939 575; baseline -0.003 -14"><span class='ocrx_word' id='word_1_31' title='bbox 323 534 506 575; x_wconf 79' lang='lat' dir='ltr'>agerem,</span> <span class='ocrx_word' id='word_1_32' title='bbox 536 518 729 573; x_wconf 65' lang='lat' dir='ltr'>judices?</span> <span class='ocrx_word' id='word_1_33' title='bbox 760 516 846 557; x_wconf 87' lang='lat' dir='ltr'>scio</span> <span class='ocrx_word' id='word_1_34' title='bbox 884 516 995 556; x_wconf 90' lang='lat' dir='ltr'>enim</span> <span class='ocrx_word' id='word_1_35' title='bbox 1031 520 1123 557; x_wconf 90' lang='lat' dir='ltr'>tum</span> <span class='ocrx_word' id='word_1_36' title='bbox 1156 531 1239 557; x_wconf 90' lang='lat' dir='ltr'>non</span> <span class='ocrx_word' id='word_1_37' title='bbox 1272 515 1373 556; x_wconf 86' lang='lat' dir='ltr'>mihi</span> <span class='ocrx_word' id='word_1_38' title='bbox 1406 521 1595 556; x_wconf 88' lang='lat' dir='ltr'>vestrum</span> <span class='ocrx_word' id='word_1_39' title='bbox 1630 514 1830 565; x_wconf 90' lang='lat' dir='ltr'>studium,</span> <span class='ocrx_word' id='word_1_40' title='bbox 1865 515 1939 556; x_wconf 86' lang='lat' dir='ltr'>sed</span> 
     </span>
     <span class='ocr_line' id='line_1_6' title="bbox 324 580 1939 640; baseline -0.004 -13"><span class='ocrx_word' id='word_1_41' title='bbox 324 601 464 627; x_wconf 90' lang='lat' dir='ltr'>meum</span> <span class='ocrx_word' id='word_1_42' title='bbox 485 598 615 640; x_wconf 84' lang='lat' dir='ltr'>prope</span> <span class='ocrx_word' id='word_1_43' title='bbox 636 588 777 624; x_wconf 86' lang='lat' dir='ltr'>vestro</span> <span class='ocrx_word' id='word_1_44' title='bbox 801 581 996 622; x_wconf 79' lang='lat' dir='ltr'>defuisse.</span> <span class='ocrx_word' id='word_1_45' title='bbox 1059 581 1369 623; x_wconf 83' lang='lat' dir='ltr'>Contenderem</span> <span class='ocrx_word' id='word_1_46' title='bbox 1391 585 1540 622; x_wconf 89' lang='lat' dir='ltr'>contra</span> <span class='ocrx_word' id='word_1_47' title='bbox 1569 580 1786 622; x_wconf 88' lang='lat' dir='ltr'>tribunum</span> <span class='ocrx_word' id='word_1_48' title='bbox 1806 580 1939 634; x_wconf 88' lang='lat' dir='ltr'>plebis</span> 
     </span>
     <span class='ocr_line' id='line_1_7' title="bbox 325 646 1940 707; baseline -0.003 -15"><span class='ocrx_word' id='word_1_49' title='bbox 325 651 514 707; x_wconf 86' lang='lat' dir='ltr'>privatus</span> <span class='ocrx_word' id='word_1_50' title='bbox 535 648 690 690; x_wconf 62' lang='lat' dir='ltr'>armis?</span> <span class='ocrx_word' id='word_1_51' title='bbox 723 648 941 689; x_wconf 76' lang='lat' dir='ltr'>Vicissent</span> <span class='ocrx_word' id='word_1_52' title='bbox 964 647 1176 702; x_wconf 86' lang='lat' dir='ltr'>improbos</span> <span class='ocrx_word' id='word_1_53' title='bbox 1192 647 1303 696; x_wconf 91' lang='lat' dir='ltr'>boni,</span> <span class='ocrx_word' id='word_1_54' title='bbox 1322 647 1455 688; x_wconf 88' lang='lat' dir='ltr'>fortes</span> <span class='ocrx_word' id='word_1_55' title='bbox 1476 646 1633 687; x_wconf 89' lang='lat' dir='ltr'>inertes</span> <span class='ocrx_word' id='word_1_56' title='bbox 1650 663 1659 692; x_wconf 76' lang='grc' dir='ltr'><strong>ς</strong></span> <span class='ocrx_word' id='word_1_57' title='bbox 1694 646 1940 687; x_wconf 87' lang='lat' dir='ltr'>interfectus</span> 
     </span>
     <span class='ocr_line' id='line_1_8' title="bbox 326 712 1936 771; baseline -0.004 -13"><span class='ocrx_word' id='word_1_58' title='bbox 326 722 438 758; x_wconf 85' lang='lat' dir='ltr'>esset</span> <span class='ocrx_word' id='word_1_59' title='bbox 455 717 502 767; x_wconf 89' lang='lat' dir='ltr'>is,</span> <span class='ocrx_word' id='word_1_60' title='bbox 524 715 594 771; x_wconf 88' lang='lat' dir='ltr'>qui</span> <span class='ocrx_word' id='word_1_61' title='bbox 610 716 688 756; x_wconf 88' lang='lat' dir='ltr'>hac</span> <span class='ocrx_word' id='word_1_62' title='bbox 705 729 787 755; x_wconf 87' lang='lat' dir='ltr'>una</span> <span class='ocrx_word' id='word_1_63' title='bbox 802 713 1007 754; x_wconf 89' lang='lat' dir='ltr'>medicina</span> <span class='ocrx_word' id='word_1_64' title='bbox 1030 713 1120 754; x_wconf 88' lang='lat' dir='ltr'>sola</span> <span class='ocrx_word' id='word_1_65' title='bbox 1134 713 1275 768; x_wconf 85' lang='lat' dir='ltr'>potuit</span> <span class='ocrx_word' id='word_1_66' title='bbox 1291 728 1316 754; x_wconf 87' lang='lat' dir='ltr'>a</span> <span class='ocrx_word' id='word_1_67' title='bbox 1333 713 1392 753; x_wconf 90' lang='lat' dir='ltr'>rei</span> <span class='ocrx_word' id='word_1_68' title='bbox 1413 712 1605 768; x_wconf 89' lang='lat' dir='ltr'>publicae</span> <span class='ocrx_word' id='word_1_69' title='bbox 1627 717 1747 767; x_wconf 86' lang='lat' dir='ltr'>peste</span> <span class='ocrx_word' id='word_1_70' title='bbox 1763 712 1912 767; x_wconf 86' lang='lat' dir='ltr'>depelli</span> <span class='ocrx_word' id='word_1_71' title='bbox 1928 728 1936 753; x_wconf 93' lang='lat'>:</span> 
     </span>
     <span class='ocr_line' id='line_1_9' title="bbox 326 777 1941 838; baseline -0.004 -15"><span class='ocrx_word' id='word_1_72' title='bbox 326 783 425 838; x_wconf 92' lang='lat' dir='ltr'>quid</span> <span class='ocrx_word' id='word_1_73' title='bbox 448 781 625 822; x_wconf 69' lang='lat' dir='ltr'>deinde?</span> <span class='ocrx_word' id='word_1_74' title='bbox 656 780 748 835; x_wconf 87' lang='lat' dir='ltr'>quis</span> <span class='ocrx_word' id='word_1_75' title='bbox 769 779 928 834; x_wconf 86' lang='lat' dir='ltr'>reliqua</span> <span class='ocrx_word' id='word_1_76' title='bbox 949 780 1213 834; x_wconf 69' lang='lat' dir='ltr'>praestaret?</span> <span class='ocrx_word' id='word_1_77' title='bbox 1246 778 1311 819; x_wconf 90' lang='lat' dir='ltr'>cui</span> <span class='ocrx_word' id='word_1_78' title='bbox 1335 778 1512 833; x_wconf 89' lang='lat' dir='ltr'>denique</span> <span class='ocrx_word' id='word_1_79' title='bbox 1539 783 1631 819; x_wconf 87' lang='lat' dir='ltr'>erat</span> <span class='ocrx_word' id='word_1_80' title='bbox 1654 777 1824 818; x_wconf 89' lang='lat' dir='ltr'>dubium</span> <span class='ocrx_word' id='word_1_81' title='bbox 1843 777 1941 833; x_wconf 91' lang='lat' dir='ltr'>quin</span> 
     </span>
     <span class='ocr_line' id='line_1_10' title="bbox 326 842 1939 902; baseline -0.002 -14"><span class='ocrx_word' id='word_1_82' title='bbox 326 848 393 889; x_wconf 94' lang='lat' dir='ltr'>ille</span> <span class='ocrx_word' id='word_1_83' title='bbox 421 846 593 902; x_wconf 87' lang='lat' dir='ltr'>sanguis</span> <span class='ocrx_word' id='word_1_84' title='bbox 629 845 891 894; x_wconf 87' lang='lat' dir='ltr'>tribunicius,</span> <span class='ocrx_word' id='word_1_85' title='bbox 917 845 1029 886; x_wconf 89' lang='lat' dir='ltr'>nullo</span> <span class='ocrx_word' id='word_1_86' title='bbox 1060 844 1310 900; x_wconf 85' lang='lat' dir='ltr'>praesertim</span> <span class='ocrx_word' id='word_1_87' title='bbox 1341 844 1507 899; x_wconf 90' lang='lat' dir='ltr'>publico</span> <span class='ocrx_word' id='word_1_88' title='bbox 1536 842 1708 884; x_wconf 87' lang='lat' dir='ltr'>consilio</span> <span class='ocrx_word' id='word_1_89' title='bbox 1730 843 1939 898; x_wconf 85' lang='lat' dir='ltr'>profusus,</span> 
     </span>
     <span class='ocr_line' id='line_1_11' title="bbox 327 909 1942 964; baseline -0.002 -10"><span class='ocrx_word' id='word_1_90' title='bbox 327 913 519 955; x_wconf 83' lang='lat' dir='ltr'>consules</span> <span class='ocrx_word' id='word_1_91' title='bbox 556 912 716 953; x_wconf 89' lang='lat' dir='ltr'>ultores</span> <span class='ocrx_word' id='word_1_92' title='bbox 745 916 788 952; x_wconf 91' lang='lat' dir='ltr'>et</span> <span class='ocrx_word' id='word_1_93' title='bbox 822 911 1063 952; x_wconf 88' lang='lat' dir='ltr'>defensores</span> <span class='ocrx_word' id='word_1_94' title='bbox 1099 916 1214 952; x_wconf 85' lang='lat' dir='ltr'>esset</span> <span class='ocrx_word' id='word_1_95' title='bbox 1246 910 1497 951; x_wconf 67' lang='lat' dir='ltr'>habiturus?</span> <span class='ocrx_word' id='word_1_96' title='bbox 1538 924 1664 964; x_wconf 91' lang='lat' dir='ltr'>quum</span> <span class='ocrx_word' id='word_1_97' title='bbox 1701 909 1870 964; x_wconf 88' lang='lat' dir='ltr'>quidam</span> <span class='ocrx_word' id='word_1_98' title='bbox 1900 909 1942 950; x_wconf 90' lang='lat' dir='ltr'>in</span> 
     </span>
     <span class='ocr_line' id='line_1_12' title="bbox 329 975 1941 1031; baseline -0.002 -11"><span class='ocrx_word' id='word_1_99' title='bbox 329 978 526 1021; x_wconf 89' lang='lat' dir='ltr'>contione</span> <span class='ocrx_word' id='word_1_100' title='bbox 548 977 726 1018; x_wconf 83' lang='lat' dir='ltr'>dixisset</span> <span class='ocrx_word' id='word_1_101' title='bbox 747 981 821 1017; x_wconf 83' lang='lat' dir='ltr'>aut</span> <span class='ocrx_word' id='word_1_102' title='bbox 843 976 943 1017; x_wconf 91' lang='lat' dir='ltr'>mihi</span> <span class='ocrx_word' id='word_1_103' title='bbox 966 976 1094 1017; x_wconf 89' lang='lat' dir='ltr'>semel</span> <span class='ocrx_word' id='word_1_104' title='bbox 1115 977 1373 1031; x_wconf 91' lang='lat' dir='ltr'>pereundum</span> <span class='ocrx_word' id='word_1_105' title='bbox 1395 980 1470 1016; x_wconf 87' lang='lat' dir='ltr'>aut</span> <span class='ocrx_word' id='word_1_106' title='bbox 1491 975 1555 1016; x_wconf 87' lang='lat' dir='ltr'>bis</span> <span class='ocrx_word' id='word_1_107' title='bbox 1569 990 1660 1016; x_wconf 90' lang='lat' dir='ltr'>esse</span> <span class='ocrx_word' id='word_1_108' title='bbox 1677 975 1941 1017; x_wconf 91' lang='lat' dir='ltr'>vincendum.</span> 
     </span>
     <span class='ocr_line' id='line_1_13' title="bbox 330 1041 1942 1098; baseline -0.002 -13"><span class='ocrx_word' id='word_1_109' title='bbox 330 1045 440 1098; x_wconf 76' lang='lat' dir='ltr'>Quid</span> <span class='ocrx_word' id='word_1_110' title='bbox 472 1047 565 1085; x_wconf 84' lang='lat' dir='ltr'>erat</span> <span class='ocrx_word' id='word_1_111' title='bbox 596 1043 661 1083; x_wconf 88' lang='lat' dir='ltr'>bis</span> <span class='ocrx_word' id='word_1_112' title='bbox 682 1042 874 1084; x_wconf 68' lang='lat' dir='ltr'>vincere?</span> <span class='ocrx_word' id='word_1_113' title='bbox 937 1042 988 1082; x_wconf 92' lang='lat' dir='ltr'>Id</span> <span class='ocrx_word' id='word_1_114' title='bbox 1010 1042 1202 1097; x_wconf 85' lang='lat' dir='ltr'>profecto</span> <span class='ocrx_word' id='word_1_115' title='bbox 1232 1046 1292 1092; x_wconf 89' lang='lat' dir='ltr'>ut,</span> <span class='ocrx_word' id='word_1_116' title='bbox 1325 1056 1420 1082; x_wconf 92' lang='lat' dir='ltr'>cum</span> <span class='ocrx_word' id='word_1_117' title='bbox 1452 1041 1740 1082; x_wconf 88' lang='lat' dir='ltr'>amentissimo</span> <span class='ocrx_word' id='word_1_118' title='bbox 1773 1041 1942 1082; x_wconf 85' lang='lat' dir='ltr'>tribuno</span> 
     </span>
     <span class='ocr_line' id='line_1_14' title="bbox 328 1106 1942 1167; baseline -0.003 -16"><span class='ocrx_word' id='word_1_119' title='bbox 328 1110 463 1167; x_wconf 88' lang='lat' dir='ltr'>plebis</span> <span class='ocrx_word' id='word_1_120' title='bbox 493 1124 623 1164; x_wconf 91' lang='lat' dir='ltr'>quum</span> <span class='ocrx_word' id='word_1_121' title='bbox 649 1108 946 1157; x_wconf 89' lang='lat' dir='ltr'>decertassem,</span> <span class='ocrx_word' id='word_1_122' title='bbox 972 1122 1068 1148; x_wconf 91' lang='lat' dir='ltr'>cum</span> <span class='ocrx_word' id='word_1_123' title='bbox 1093 1107 1338 1148; x_wconf 84' lang='lat' dir='ltr'>consulibus</span> <span class='ocrx_word' id='word_1_124' title='bbox 1369 1107 1602 1162; x_wconf 89' lang='lat' dir='ltr'>ceterisque</span> <span class='ocrx_word' id='word_1_125' title='bbox 1624 1107 1715 1161; x_wconf 83' lang='lat' dir='ltr'>ejus</span> <span class='ocrx_word' id='word_1_126' title='bbox 1736 1106 1942 1148; x_wconf 88' lang='lat' dir='ltr'>ultoribus</span> 
     </span>
     <span class='ocr_line' id='line_1_15' title="bbox 331 1172 1943 1228; baseline -0.003 -11"><span class='ocrx_word' id='word_1_127' title='bbox 331 1175 586 1217; x_wconf 87' lang='lat' dir='ltr'>dimicarem.</span> <span class='ocrx_word' id='word_1_128' title='bbox 652 1174 746 1228; x_wconf 84' lang='lat' dir='ltr'>Ego</span> <span class='ocrx_word' id='word_1_129' title='bbox 768 1188 878 1222; x_wconf 84' lang='lat' dir='ltr'>vero,</span> <span class='ocrx_word' id='word_1_130' title='bbox 902 1173 967 1214; x_wconf 91' lang='lat' dir='ltr'>vel</span> <span class='ocrx_word' id='word_1_131' title='bbox 988 1172 1023 1213; x_wconf 88' lang='lat' dir='ltr'>si</span> <span class='ocrx_word' id='word_1_132' title='bbox 1044 1174 1304 1228; x_wconf 91' lang='lat' dir='ltr'>pereundum</span> <span class='ocrx_word' id='word_1_133' title='bbox 1330 1172 1491 1221; x_wconf 86' lang='lat' dir='ltr'>fuisset,</span> <span class='ocrx_word' id='word_1_134' title='bbox 1515 1188 1564 1213; x_wconf 89' lang='lat' dir='ltr'>ac</span> <span class='ocrx_word' id='word_1_135' title='bbox 1586 1187 1671 1213; x_wconf 90' lang='lat' dir='ltr'>non</span> <span class='ocrx_word' id='word_1_136' title='bbox 1699 1172 1943 1227; x_wconf 87' lang='lat' dir='ltr'>accipienda</span> 
     </span>
     <span class='ocr_line' id='line_1_16' title="bbox 329 1238 1944 1297; baseline -0.002 -16"><span class='ocrx_word' id='word_1_137' title='bbox 329 1242 454 1297; x_wconf 82' lang='lat' dir='ltr'>plaga</span> <span class='ocrx_word' id='word_1_138' title='bbox 475 1240 575 1280; x_wconf 85' lang='lat' dir='ltr'>mihi</span> <span class='ocrx_word' id='word_1_139' title='bbox 598 1239 807 1289; x_wconf 84' lang='lat' dir='ltr'>sanabilis,</span> <span class='ocrx_word' id='word_1_140' title='bbox 826 1238 882 1279; x_wconf 91' lang='lat' dir='ltr'>illi</span> <span class='ocrx_word' id='word_1_141' title='bbox 904 1238 1132 1288; x_wconf 85' lang='lat' dir='ltr'>mortifera,</span> <span class='ocrx_word' id='word_1_142' title='bbox 1153 1238 1223 1293; x_wconf 90' lang='lat' dir='ltr'>qui</span> <span class='ocrx_word' id='word_1_143' title='bbox 1245 1253 1339 1279; x_wconf 86' lang='lat' dir='ltr'>eam</span> <span class='ocrx_word' id='word_1_144' title='bbox 1360 1238 1642 1294; x_wconf 84' lang='lat' dir='ltr'>imposuisset,</span> <span class='ocrx_word' id='word_1_145' title='bbox 1659 1238 1788 1279; x_wconf 85' lang='lat' dir='ltr'>semel</span> <span class='ocrx_word' id='word_1_146' title='bbox 1810 1238 1944 1293; x_wconf 90' lang='lat' dir='ltr'>perire</span> 
     </span>
     <span class='ocr_line' id='line_1_17' title="bbox 329 1303 1945 1359; baseline -0.001 -14"><span class='ocrx_word' id='word_1_147' title='bbox 329 1310 484 1355; x_wconf 86' lang='lat' dir='ltr'>tamen,</span> <span class='ocrx_word' id='word_1_148' title='bbox 505 1305 683 1359; x_wconf 85' lang='lat' dir='ltr'>judices,</span> <span class='ocrx_word' id='word_1_149' title='bbox 707 1304 950 1345; x_wconf 86' lang='lat' dir='ltr'>maluissem</span> <span class='ocrx_word' id='word_1_150' title='bbox 973 1318 1099 1358; x_wconf 86' lang='lat' dir='ltr'>quam</span> <span class='ocrx_word' id='word_1_151' title='bbox 1121 1303 1187 1344; x_wconf 89' lang='lat' dir='ltr'>bis</span> <span class='ocrx_word' id='word_1_152' title='bbox 1209 1303 1386 1344; x_wconf 88' lang='lat' dir='ltr'>vincere.</span> <span class='ocrx_word' id='word_1_153' title='bbox 1452 1303 1561 1345; x_wconf 86' lang='lat' dir='ltr'>Erat</span> <span class='ocrx_word' id='word_1_154' title='bbox 1590 1304 1701 1345; x_wconf 92' lang='lat' dir='ltr'>enim</span> <span class='ocrx_word' id='word_1_155' title='bbox 1723 1303 1791 1344; x_wconf 88' lang='lat' dir='ltr'>illa</span> <span class='ocrx_word' id='word_1_156' title='bbox 1812 1304 1945 1345; x_wconf 89' lang='lat' dir='ltr'>altera</span> 
     </span>
     <span class='ocr_line' id='line_1_18' title="bbox 330 1368 1945 1425; baseline -0.001 -14"><span class='ocrx_word' id='word_1_157' title='bbox 330 1370 536 1425; x_wconf 86' lang='lat' dir='ltr'>ejusmodi</span> <span class='ocrx_word' id='word_1_158' title='bbox 570 1369 802 1420; x_wconf 87' lang='lat' dir='ltr'>contentio,</span> <span class='ocrx_word' id='word_1_159' title='bbox 847 1375 896 1410; x_wconf 91' lang='lat' dir='ltr'>ut</span> <span class='ocrx_word' id='word_1_160' title='bbox 929 1384 1065 1424; x_wconf 90' lang='lat' dir='ltr'>neque</span> <span class='ocrx_word' id='word_1_161' title='bbox 1098 1368 1197 1410; x_wconf 88' lang='lat' dir='ltr'>victi</span> <span class='ocrx_word' id='word_1_162' title='bbox 1235 1384 1370 1424; x_wconf 92' lang='lat' dir='ltr'>neque</span> <span class='ocrx_word' id='word_1_163' title='bbox 1398 1369 1578 1410; x_wconf 91' lang='lat' dir='ltr'>victores</span> <span class='ocrx_word' id='word_1_164' title='bbox 1614 1384 1703 1410; x_wconf 87' lang='lat' dir='ltr'>rem</span> <span class='ocrx_word' id='word_1_165' title='bbox 1735 1369 1945 1424; x_wconf 83' lang='lat' dir='ltr'>publicam</span> 
     </span>
     <span class='ocr_line' id='line_1_19' title="bbox 329 1435 1944 1492; baseline -0.001 -14"><span class='ocrx_word' id='word_1_166' title='bbox 329 1443 475 1479; x_wconf 86' lang='lat' dir='ltr'>tenere</span> <span class='ocrx_word' id='word_1_167' title='bbox 507 1451 741 1492; x_wconf 86' lang='lat' dir='ltr'>possemus.</span> <span class='ocrx_word' id='word_1_168' title='bbox 805 1435 943 1488; x_wconf 71' lang='lat' dir='ltr'>Quid?</span> <span class='ocrx_word' id='word_1_169' title='bbox 974 1435 1009 1476; x_wconf 92' lang='lat' dir='ltr'>si</span> <span class='ocrx_word' id='word_1_170' title='bbox 1031 1435 1072 1475; x_wconf 91' lang='lat' dir='ltr'>in</span> <span class='ocrx_word' id='word_1_171' title='bbox 1095 1435 1229 1490; x_wconf 90' lang='lat' dir='ltr'>prima</span> <span class='ocrx_word' id='word_1_172' title='bbox 1260 1435 1533 1476; x_wconf 82' lang='lat' dir='ltr'>contentione</span> <span class='ocrx_word' id='word_1_173' title='bbox 1555 1435 1594 1475; x_wconf 87' lang='lat' dir='ltr'>vi</span> <span class='ocrx_word' id='word_1_174' title='bbox 1616 1435 1843 1476; x_wconf 87' lang='lat' dir='ltr'>tribunicia</span> <span class='ocrx_word' id='word_1_175' title='bbox 1864 1435 1944 1476; x_wconf 88' lang='lat' dir='ltr'>vic-</span> 
     </span>
     <span class='ocr_line' id='line_1_20' title="bbox 331 1500 1942 1552; baseline -0.002 -8"><span class='ocrx_word' id='word_1_176' title='bbox 331 1508 402 1545; x_wconf 88' lang='lat' dir='ltr'>tus</span> <span class='ocrx_word' id='word_1_177' title='bbox 423 1503 466 1543; x_wconf 91' lang='lat' dir='ltr'>in</span> <span class='ocrx_word' id='word_1_178' title='bbox 486 1503 576 1543; x_wconf 90' lang='lat' dir='ltr'>foro</span> <span class='ocrx_word' id='word_1_179' title='bbox 599 1517 695 1543; x_wconf 90' lang='lat' dir='ltr'>cum</span> <span class='ocrx_word' id='word_1_180' title='bbox 716 1501 860 1542; x_wconf 89' lang='lat' dir='ltr'>multis</span> <span class='ocrx_word' id='word_1_181' title='bbox 885 1501 1007 1542; x_wconf 91' lang='lat' dir='ltr'>bonis</span> <span class='ocrx_word' id='word_1_182' title='bbox 1028 1500 1127 1541; x_wconf 83' lang='lat' dir='ltr'>viris</span> <span class='ocrx_word' id='word_1_183' title='bbox 1149 1501 1452 1543; x_wconf 70' lang='lat' dir='ltr'>concidissem3</span> <span class='ocrx_word' id='word_1_184' title='bbox 1515 1501 1718 1541; x_wconf 83' lang='lat' dir='ltr'>Senatum</span> <span class='ocrx_word' id='word_1_185' title='bbox 1740 1501 1942 1552; x_wconf 84' lang='lat' dir='ltr'>consules,</span> 
     </span>
     <span class='ocr_line' id='line_1_21' title="bbox 332 1566 1945 1623; baseline -0.002 -11"><span class='ocrx_word' id='word_1_186' title='bbox 332 1571 470 1620; x_wconf 90' lang='lat' dir='ltr'>credo,</span> <span class='ocrx_word' id='word_1_187' title='bbox 494 1573 729 1617; x_wconf 86' lang='lat' dir='ltr'>vocassent,</span> <span class='ocrx_word' id='word_1_188' title='bbox 765 1583 889 1623; x_wconf 88' lang='lat' dir='ltr'>quem</span> <span class='ocrx_word' id='word_1_189' title='bbox 921 1572 1060 1608; x_wconf 89' lang='lat' dir='ltr'>totum</span> <span class='ocrx_word' id='word_1_190' title='bbox 1084 1567 1135 1608; x_wconf 93' lang='lat' dir='ltr'>de</span> <span class='ocrx_word' id='word_1_191' title='bbox 1157 1566 1329 1609; x_wconf 88' lang='lat' dir='ltr'>civitate</span> <span class='ocrx_word' id='word_1_192' title='bbox 1361 1567 1577 1615; x_wconf 89' lang='lat' dir='ltr'>delerant;</span> <span class='ocrx_word' id='word_1_193' title='bbox 1613 1567 1666 1608; x_wconf 87' lang='lat' dir='ltr'>ad</span> <span class='ocrx_word' id='word_1_194' title='bbox 1688 1582 1804 1608; x_wconf 86' lang='lat' dir='ltr'>arma</span> <span class='ocrx_word' id='word_1_195' title='bbox 1826 1581 1945 1608; x_wconf 88' lang='lat' dir='ltr'>voca-</span> 
     </span>
     <span class='ocr_line' id='line_1_22' title="bbox 332 1632 1944 1692; baseline -0.003 -14"><span class='ocrx_word' id='word_1_196' title='bbox 332 1642 440 1686; x_wconf 88' lang='lat' dir='ltr'>rent,</span> <span class='ocrx_word' id='word_1_197' title='bbox 461 1636 596 1692; x_wconf 90' lang='lat' dir='ltr'>quine</span> <span class='ocrx_word' id='word_1_198' title='bbox 614 1635 770 1676; x_wconf 86' lang='lat' dir='ltr'>vestitu</span> <span class='ocrx_word' id='word_1_199' title='bbox 788 1633 957 1689; x_wconf 89' lang='lat' dir='ltr'>quidem</span> <span class='ocrx_word' id='word_1_200' title='bbox 981 1632 1147 1674; x_wconf 88' lang='lat' dir='ltr'>defendi</span> <span class='ocrx_word' id='word_1_201' title='bbox 1170 1648 1257 1673; x_wconf 93' lang='lat' dir='ltr'>rem</span> <span class='ocrx_word' id='word_1_202' title='bbox 1279 1633 1489 1688; x_wconf 82' lang='lat' dir='ltr'>publicani</span> <span class='ocrx_word' id='word_1_203' title='bbox 1510 1633 1692 1681; x_wconf 77' lang='lat' dir='ltr'>sissent3</span> <span class='ocrx_word' id='word_1_204' title='bbox 1727 1648 1753 1674; x_wconf 89' lang='lat' dir='ltr'>a</span> <span class='ocrx_word' id='word_1_205' title='bbox 1773 1633 1944 1674; x_wconf 89' lang='lat' dir='ltr'>tribuno</span> 
     </span>
     <span class='ocr_line' id='line_1_23' title="bbox 332 1698 1946 1759; baseline -0.003 -15"><span class='ocrx_word' id='word_1_206' title='bbox 332 1703 467 1759; x_wconf 90' lang='lat' dir='ltr'>plebis</span> <span class='ocrx_word' id='word_1_207' title='bbox 487 1706 585 1757; x_wconf 89' lang='lat' dir='ltr'>post</span> <span class='ocrx_word' id='word_1_208' title='bbox 612 1701 831 1741; x_wconf 84' lang='lat' dir='ltr'>interitum</span> <span class='ocrx_word' id='word_1_209' title='bbox 864 1714 1004 1740; x_wconf 91' lang='lat' dir='ltr'>meum</span> <span class='ocrx_word' id='word_1_210' title='bbox 1036 1698 1323 1749; x_wconf 88' lang='lat' dir='ltr'>dissedissent,</span> <span class='ocrx_word' id='word_1_211' title='bbox 1348 1698 1419 1754; x_wconf 89' lang='lat' dir='ltr'>qui</span> <span class='ocrx_word' id='word_1_212' title='bbox 1447 1699 1623 1740; x_wconf 90' lang='lat' dir='ltr'>eandem</span> <span class='ocrx_word' id='word_1_213' title='bbox 1654 1699 1800 1740; x_wconf 88' lang='lat' dir='ltr'>horam</span> <span class='ocrx_word' id='word_1_214' title='bbox 1829 1713 1946 1740; x_wconf 90' lang='lat' dir='ltr'>meae</span> 
     </span>
     <span class='ocr_line' id='line_1_24' title="bbox 333 1765 1407 1825; baseline -0.005 -15"><span class='ocrx_word' id='word_1_215' title='bbox 333 1769 465 1825; x_wconf 84' lang='lat' dir='ltr'>pestis</span> <span class='ocrx_word' id='word_1_216' title='bbox 486 1774 530 1809; x_wconf 89' lang='lat' dir='ltr'>et</span> <span class='ocrx_word' id='word_1_217' title='bbox 552 1782 722 1808; x_wconf 86' lang='lat' dir='ltr'>suorum</span> <span class='ocrx_word' id='word_1_218' title='bbox 744 1766 1024 1821; x_wconf 89' lang='lat' dir='ltr'>praemiorum</span> <span class='ocrx_word' id='word_1_219' title='bbox 1048 1780 1139 1806; x_wconf 91' lang='lat' dir='ltr'>esse</span> <span class='ocrx_word' id='word_1_220' title='bbox 1160 1765 1407 1806; x_wconf 90' lang='lat' dir='ltr'>voluissent.</span> 
     </span>
    </p>

    <p class='ocr_par' dir='ltr' id='par_1_3' title="bbox 335 1830 1946 1952">
     <span class='ocr_line' id='line_1_25' title="bbox 394 1830 1946 1885; baseline -0.003 -10"><span class='ocrx_word' id='word_1_221' title='bbox 394 1834 507 1875; x_wconf 86' lang='lat' dir='ltr'>XX.</span> <span class='ocrx_word' id='word_1_222' title='bbox 543 1833 689 1874; x_wconf 92' lang='lat' dir='ltr'>Unum</span> <span class='ocrx_word' id='word_1_223' title='bbox 716 1832 828 1873; x_wconf 92' lang='lat' dir='ltr'>enim</span> <span class='ocrx_word' id='word_1_224' title='bbox 860 1831 961 1872; x_wconf 91' lang='lat' dir='ltr'>mihi</span> <span class='ocrx_word' id='word_1_225' title='bbox 995 1831 1187 1872; x_wconf 89' lang='lat' dir='ltr'>restabat</span> <span class='ocrx_word' id='word_1_226' title='bbox 1217 1830 1330 1880; x_wconf 90' lang='lat' dir='ltr'>illud,</span> <span class='ocrx_word' id='word_1_227' title='bbox 1361 1830 1473 1885; x_wconf 89' lang='lat' dir='ltr'>quod</span> <span class='ocrx_word' id='word_1_228' title='bbox 1499 1830 1678 1871; x_wconf 86' lang='lat' dir='ltr'>forsitan</span> <span class='ocrx_word' id='word_1_229' title='bbox 1708 1845 1793 1871; x_wconf 92' lang='lat' dir='ltr'>non</span> <span class='ocrx_word' id='word_1_230' title='bbox 1824 1845 1946 1871; x_wconf 91' lang='lat' dir='ltr'>nemo</span> 
     </span>
     <span class='ocr_line' id='line_1_26' title="bbox 335 1895 1945 1952; baseline -0.002 -11"><span class='ocrx_word' id='word_1_231' title='bbox 335 1900 398 1941; x_wconf 84' lang='lat' dir='ltr'>vir</span> <span class='ocrx_word' id='word_1_232' title='bbox 417 1899 540 1941; x_wconf 88' lang='lat' dir='ltr'>fortis</span> <span class='ocrx_word' id='word_1_233' title='bbox 561 1904 605 1940; x_wconf 92' lang='lat' dir='ltr'>et</span> <span class='ocrx_word' id='word_1_234' title='bbox 625 1898 735 1939; x_wconf 86' lang='lat' dir='ltr'>acris</span> <span class='ocrx_word' id='word_1_235' title='bbox 755 1896 881 1938; x_wconf 88' lang='lat' dir='ltr'>animi</span> <span class='ocrx_word' id='word_1_236' title='bbox 902 1896 1126 1952; x_wconf 82' lang='lat' dir='ltr'>magnique</span> <span class='ocrx_word' id='word_1_237' title='bbox 1149 1896 1327 1937; x_wconf 83' lang='lat' dir='ltr'>dixerit:</span> <span class='ocrx_word' id='word_1_238' title='bbox 1363 1895 1627 1948; x_wconf 83' lang='lat' dir='ltr'>Restitisses,</span> <span class='ocrx_word' id='word_1_239' title='bbox 1651 1911 1945 1952; x_wconf 87' lang='lat' dir='ltr'>repugnasses,</span> 
     </span>
    </p>
   </div>
   <div class='ocr_carea' id='block_1_3' title="bbox 336 2044 1128 2996">
    <p class='ocr_par' dir='ltr' id='par_1_4' title="bbox 336 2044 1122 2346">
     <span class='ocr_line' id='line_1_27' title="bbox 380 2044 1119 2085; baseline -0.004 -8"><span class='ocrx_word' id='word_1_240' title='bbox 380 2047 513 2085; x_wconf 76' lang='lat' dir='ltr'>effusam</span> <span class='ocrx_word' id='word_1_241' title='bbox 531 2048 620 2076; x_wconf 79' lang='lat' dir='ltr'>illam</span> <span class='ocrx_word' id='word_1_242' title='bbox 637 2056 674 2076; x_wconf 82' lang='lat' dir='ltr'>ac</span> <span class='ocrx_word' id='word_1_243' title='bbox 689 2045 891 2085; x_wconf 69' lang='lat' dir='ltr'>superatam]</span> <span class='ocrx_word' id='word_1_244' title='bbox 941 2044 1041 2075; x_wconf 89' lang='lat' dir='ltr'>Orelli</span> <span class='ocrx_word' id='word_1_245' title='bbox 1057 2044 1119 2074; x_wconf 86' lang='lat' dir='ltr'>and</span> 
     </span>
     <span class='ocr_line' id='line_1_28' title="bbox 336 2088 1117 2121; baseline -0.004 -1"><span class='ocrx_word' id='word_1_246' title='bbox 336 2091 428 2121; x_wconf 88' lang='lat' dir='ltr'>other</span> <span class='ocrx_word' id='word_1_247' title='bbox 456 2091 558 2120; x_wconf 83' lang='lat' dir='ltr'>critics</span> <span class='ocrx_word' id='word_1_248' title='bbox 583 2100 664 2119; x_wconf 86' lang='lat' dir='ltr'>were</span> <span class='ocrx_word' id='word_1_249' title='bbox 689 2093 746 2119; x_wconf 87' lang='lat' dir='ltr'>not</span> <span class='ocrx_word' id='word_1_250' title='bbox 777 2088 916 2118; x_wconf 81' lang='lat' dir='ltr'>satisfied</span> <span class='ocrx_word' id='word_1_251' title='bbox 942 2088 1018 2117; x_wconf 85' lang='lat' dir='ltr'>with</span> <span class='ocrx_word' id='word_1_252' title='bbox 1043 2088 1117 2118; x_wconf 88' lang='lat' dir='ltr'>this.</span> 
     </span>
     <span class='ocr_line' id='line_1_29' title="bbox 338 2131 1122 2172; baseline -0.004 -8"><span class='ocrx_word' id='word_1_253' title='bbox 338 2134 526 2165; x_wconf 78' lang='lat' dir='ltr'>Gulielmius</span> <span class='ocrx_word' id='word_1_254' title='bbox 551 2133 707 2172; x_wconf 81' lang='lat' dir='ltr'>proposed</span> <span class='ocrx_word' id='word_1_255' title='bbox 737 2132 860 2162; x_wconf 83' lang='lat' dir='ltr'>‘fusam</span> <span class='ocrx_word' id='word_1_256' title='bbox 877 2131 884 2144; x_wconf 89' lang='lat'><em>’</em></span> <span class='ocrx_word' id='word_1_257' title='bbox 909 2132 941 2161; x_wconf 91' lang='lat' dir='ltr'>in</span> <span class='ocrx_word' id='word_1_258' title='bbox 973 2132 1061 2171; x_wconf 87' lang='lat' dir='ltr'>place</span> <span class='ocrx_word' id='word_1_259' title='bbox 1086 2132 1122 2161; x_wconf 86' lang='lat' dir='ltr'>of</span> 
     </span>
     <span class='ocr_line' id='line_1_30' title="bbox 339 2175 1120 2214; baseline -0.004 -7"><span class='ocrx_word' id='word_1_260' title='bbox 339 2181 346 2193; x_wconf 94' lang='lat'><strong><em>⁴</em></strong></span> <span class='ocrx_word' id='word_1_261' title='bbox 361 2177 516 2212; x_wconf 83' lang='lat' dir='ltr'>efl&#39;usam‚’</span> <span class='ocrx_word' id='word_1_262' title='bbox 550 2177 651 2206; x_wconf 86' lang='lat' dir='ltr'>which</span> <span class='ocrx_word' id='word_1_263' title='bbox 692 2177 717 2206; x_wconf 90' lang='lat' dir='ltr'>is</span> <span class='ocrx_word' id='word_1_264' title='bbox 755 2186 773 2205; x_wconf 88' lang='lat' dir='ltr'>a</span> <span class='ocrx_word' id='word_1_265' title='bbox 808 2175 891 2214; x_wconf 85' lang='lat' dir='ltr'>good</span> <span class='ocrx_word' id='word_1_266' title='bbox 930 2175 1120 2213; x_wconf 79' lang='lat' dir='ltr'>conjecture,</span> 
     </span>
     <span class='ocr_line' id='line_1_31' title="bbox 337 2218 1121 2260; baseline -0.003 -10"><span class='ocrx_word' id='word_1_267' title='bbox 337 2221 460 2260; x_wconf 77' lang='lat' dir='ltr'>though</span> <span class='ocrx_word' id='word_1_268' title='bbox 485 2224 492 2237; x_wconf 99' lang='lat'><strong><em>⁴</em></strong></span> <span class='ocrx_word' id='word_1_269' title='bbox 505 2220 659 2255; x_wconf 81' lang='lat' dir='ltr'>effusam,&#39;</span> <span class='ocrx_word' id='word_1_270' title='bbox 684 2220 699 2249; x_wconf 93' lang='grc' dir='ltr'>Ι</span> <span class='ocrx_word' id='word_1_271' title='bbox 717 2228 864 2258; x_wconf 81' lang='lat' dir='ltr'>suppose,</span> <span class='ocrx_word' id='word_1_272' title='bbox 887 2218 979 2248; x_wconf 88' lang='lat' dir='ltr'>could</span> <span class='ocrx_word' id='word_1_273' title='bbox 1000 2218 1039 2248; x_wconf 88' lang='lat' dir='ltr'>be</span> <span class='ocrx_word' id='word_1_274' title='bbox 1056 2219 1121 2248; x_wconf 88' lang='lat' dir='ltr'>said</span> 
     </span>
     <span class='ocr_line' id='line_1_32' title="bbox 338 2262 1122 2303; baseline -0.003 -10"><span class='ocrx_word' id='word_1_275' title='bbox 338 2264 374 2294; x_wconf 88' lang='lat' dir='ltr'>of</span> <span class='ocrx_word' id='word_1_276' title='bbox 389 2275 407 2293; x_wconf 87' lang='lat' dir='ltr'>a</span> <span class='ocrx_word' id='word_1_277' title='bbox 423 2264 507 2303; x_wconf 86' lang='lat' dir='ltr'>body</span> <span class='ocrx_word' id='word_1_278' title='bbox 524 2264 558 2293; x_wconf 89' lang='lat' dir='ltr'>of</span> <span class='ocrx_word' id='word_1_279' title='bbox 571 2274 643 2293; x_wconf 87' lang='lat' dir='ltr'>men</span> <span class='ocrx_word' id='word_1_280' title='bbox 660 2263 730 2293; x_wconf 86' lang='lat' dir='ltr'>who</span> <span class='ocrx_word' id='word_1_281' title='bbox 748 2272 828 2292; x_wconf 86' lang='lat' dir='ltr'>were</span> <span class='ocrx_word' id='word_1_282' title='bbox 850 2262 1021 2301; x_wconf 79' lang='lat' dir='ltr'>dispersed.</span> <span class='ocrx_word' id='word_1_283' title='bbox 1070 2262 1122 2292; x_wconf 90' lang='lat' dir='ltr'>He</span> 
     </span>
     <span class='ocr_line' id='line_1_33' title="bbox 339 2304 990 2346; baseline -0.005 -9"><span class='ocrx_word' id='word_1_284' title='bbox 339 2307 416 2337; x_wconf 85' lang='lat' dir='ltr'>adds</span> <span class='ocrx_word' id='word_1_285' title='bbox 434 2311 441 2324; x_wconf 98' lang='lat'><strong><em>⁴</em></strong></span> <span class='ocrx_word' id='word_1_286' title='bbox 454 2305 657 2346; x_wconf 80' lang='lat' dir='ltr'>superata1n‚&#39;</span> <span class='ocrx_word' id='word_1_287' title='bbox 676 2311 683 2323; x_wconf 89' lang='lat'><strong><em>⁴</em></strong></span> <span class='ocrx_word' id='word_1_288' title='bbox 696 2317 714 2336; x_wconf 89' lang='lat' dir='ltr'>a</span> <span class='ocrx_word' id='word_1_289' title='bbox 727 2305 870 2336; x_wconf 86' lang='lat' dir='ltr'>defeated</span> <span class='ocrx_word' id='word_1_290' title='bbox 883 2304 990 2335; x_wconf 62' lang='lat' dir='ltr'>band)</span> 
     </span>
    </p>

    <p class='ocr_par' dir='ltr' id='par_1_5' title="bbox 340 2348 1122 2598">
     <span class='ocr_line' id='line_1_34' title="bbox 382 2348 1121 2389; baseline -0.004 -9"><span class='ocrx_word' id='word_1_291' title='bbox 382 2360 487 2380; x_wconf 79' lang='lat' dir='ltr'>meum</span> <span class='ocrx_word' id='word_1_292' title='bbox 520 2360 625 2389; x_wconf 78' lang='lat' dir='ltr'>prope</span> <span class='ocrx_word' id='word_1_293' title='bbox 661 2353 765 2380; x_wconf 70' lang='lat' dir='ltr'>vestro</span> <span class='ocrx_word' id='word_1_294' title='bbox 798 2348 964 2388; x_wconf 58' lang='lat' dir='ltr'>deficisse]</span> <span class='ocrx_word' id='word_1_295' title='bbox 1024 2348 1121 2378; x_wconf 87' lang='lat' dir='ltr'>Halm</span> 
     </span>
     <span class='ocr_line' id='line_1_35' title="bbox 340 2392 1121 2433; baseline -0.004 -9"><span class='ocrx_word' id='word_1_296' title='bbox 340 2403 503 2433; x_wconf 82' lang='lat' dir='ltr'>compares</span> <span class='ocrx_word' id='word_1_297' title='bbox 526 2393 580 2423; x_wconf 89' lang='lat' dir='ltr'>the</span> <span class='ocrx_word' id='word_1_298' title='bbox 602 2394 662 2423; x_wconf 91' lang='lat' dir='ltr'>Pro</span> <span class='ocrx_word' id='word_1_299' title='bbox 688 2393 826 2428; x_wconf 81' lang='lat' dir='ltr'>Plancio,</span> <span class='ocrx_word' id='word_1_300' title='bbox 852 2403 877 2421; x_wconf 90' lang='lat' dir='ltr'>c.</span> <span class='ocrx_word' id='word_1_301' title='bbox 904 2393 963 2422; x_wconf 81' lang='lat'>36:</span> <span class='ocrx_word' id='word_1_302' title='bbox 990 2394 1009 2408; x_wconf 89' lang='lat'>⁴⁴</span> <span class='ocrx_word' id='word_1_303' title='bbox 1024 2392 1121 2421; x_wconf 85' lang='lat' dir='ltr'>Hisce</span> 
     </span>
     <span class='ocr_line' id='line_1_36' title="bbox 340 2435 1119 2476; baseline -0.004 -9"><span class='ocrx_word' id='word_1_304' title='bbox 340 2447 398 2476; x_wconf 88' lang='lat' dir='ltr'>ego</span> <span class='ocrx_word' id='word_1_305' title='bbox 429 2437 551 2466; x_wconf 79' lang='lat' dir='ltr'>auxiliis</span> <span class='ocrx_word' id='word_1_306' title='bbox 573 2436 682 2466; x_wconf 88' lang='lat' dir='ltr'>salutis</span> <span class='ocrx_word' id='word_1_307' title='bbox 709 2446 798 2466; x_wconf 87' lang='lat' dir='ltr'>meae</span> <span class='ocrx_word' id='word_1_308' title='bbox 825 2435 851 2465; x_wconf 86' lang='lat' dir='ltr'>si</span> <span class='ocrx_word' id='word_1_309' title='bbox 876 2435 992 2465; x_wconf 84' lang='lat' dir='ltr'>idcirco</span> <span class='ocrx_word' id='word_1_310' title='bbox 1023 2435 1119 2470; x_wconf 84' lang='lat' dir='ltr'>defui,</span> 
     </span>
     <span class='ocr_line' id='line_1_37' title="bbox 341 2478 1119 2521; baseline -0.003 -11"><span class='ocrx_word' id='word_1_311' title='bbox 341 2480 415 2521; x_wconf 86' lang='lat' dir='ltr'>quia</span> <span class='ocrx_word' id='word_1_312' title='bbox 440 2480 529 2509; x_wconf 86' lang='lat' dir='ltr'>nolui</span> <span class='ocrx_word' id='word_1_313' title='bbox 550 2479 708 2515; x_wconf 88' lang='lat' dir='ltr'>dimicare,</span> <span class='ocrx_word' id='word_1_314' title='bbox 736 2478 869 2514; x_wconf 82' lang='lat' dir='ltr'>fatebor,</span> <span class='ocrx_word' id='word_1_315' title='bbox 897 2478 929 2507; x_wconf 90' lang='lat' dir='ltr'>id</span> <span class='ocrx_word' id='word_1_316' title='bbox 954 2478 1036 2517; x_wconf 88' lang='lat' dir='ltr'>quod</span> <span class='ocrx_word' id='word_1_317' title='bbox 1062 2479 1119 2513; x_wconf 86' lang='lat' dir='ltr'>vis,</span> 
     </span>
     <span class='ocr_line' id='line_1_38' title="bbox 341 2521 1122 2559; baseline -0.004 -6"><span class='ocrx_word' id='word_1_318' title='bbox 341 2533 407 2553; x_wconf 90' lang='lat' dir='ltr'>non</span> <span class='ocrx_word' id='word_1_319' title='bbox 437 2523 515 2552; x_wconf 85' lang='lat' dir='ltr'>mihi</span> <span class='ocrx_word' id='word_1_320' title='bbox 549 2522 712 2559; x_wconf 73' lang='lat' dir='ltr'>auxilium,</span> <span class='ocrx_word' id='word_1_321' title='bbox 744 2522 799 2552; x_wconf 88' lang='lat' dir='ltr'>sed</span> <span class='ocrx_word' id='word_1_322' title='bbox 835 2531 886 2551; x_wconf 91' lang='lat' dir='ltr'>me</span> <span class='ocrx_word' id='word_1_323' title='bbox 920 2522 1037 2551; x_wconf 75' lang='lat' dir='ltr'>auxilio</span> <span class='ocrx_word' id='word_1_324' title='bbox 1068 2521 1122 2551; x_wconf 90' lang='lat' dir='ltr'>de-</span> 
     </span>
     <span class='ocr_line' id='line_1_39' title="bbox 341 2565 473 2598; baseline -0.015 0"><span class='ocrx_word' id='word_1_325' title='bbox 341 2565 473 2598; x_wconf 86' lang='lat' dir='ltr'>fuisse.’&#39;</span> 
     </span>
    </p>

    <p class='ocr_par' dir='ltr' id='par_1_6' title="bbox 342 2607 1128 2944">
     <span class='ocr_line' id='line_1_40' title="bbox 387 2607 1125 2647; baseline -0.004 -8"><span class='ocrx_word' id='word_1_326' title='bbox 387 2611 442 2640; x_wconf 83' lang='lat' dir='ltr'>ille</span> <span class='ocrx_word' id='word_1_327' title='bbox 470 2609 601 2647; x_wconf 70' lang='lat' dir='ltr'>sanquis</span> <span class='ocrx_word' id='word_1_328' title='bbox 628 2607 849 2646; x_wconf 48' lang='lat' dir='ltr'>tribunicium]</span> <span class='ocrx_word' id='word_1_329' title='bbox 906 2607 975 2637; x_wconf 90' lang='lat' dir='ltr'>The</span> <span class='ocrx_word' id='word_1_330' title='bbox 1005 2607 1125 2637; x_wconf 87' lang='lat' dir='ltr'>tribuni</span> 
     </span>
     <span class='ocr_line' id='line_1_41' title="bbox 343 2650 1125 2689; baseline -0.005 -6"><span class='ocrx_word' id='word_1_331' title='bbox 343 2664 424 2683; x_wconf 88' lang='lat' dir='ltr'>were</span> <span class='ocrx_word' id='word_1_332' title='bbox 441 2650 682 2687; x_wconf 79' lang='lat' dir='ltr'>‘saerosancti3’</span> <span class='ocrx_word' id='word_1_333' title='bbox 706 2651 768 2680; x_wconf 89' lang='lat' dir='ltr'>and</span> <span class='ocrx_word' id='word_1_334' title='bbox 796 2651 851 2679; x_wconf 79' lang='lat' dir='ltr'>the</span> <span class='ocrx_word' id='word_1_335' title='bbox 872 2650 1026 2689; x_wconf 86' lang='lat' dir='ltr'>shedding</span> <span class='ocrx_word' id='word_1_336' title='bbox 1049 2651 1085 2680; x_wconf 86' lang='lat' dir='ltr'>of</span> <span class='ocrx_word' id='word_1_337' title='bbox 1106 2661 1125 2680; x_wconf 85' lang='lat' dir='ltr'>a</span> 
     </span>
     <span class='ocr_line' id='line_1_42' title="bbox 344 2694 1124 2732; baseline -0.005 -6"><span class='ocrx_word' id='word_1_338' title='bbox 344 2695 499 2727; x_wconf 86' lang='lat' dir='ltr'>tribune’s</span> <span class='ocrx_word' id='word_1_339' title='bbox 515 2695 610 2725; x_wconf 91' lang='lat' dir='ltr'>blood</span> <span class='ocrx_word' id='word_1_340' title='bbox 634 2704 696 2724; x_wconf 78' lang='lat' dir='ltr'>was</span> <span class='ocrx_word' id='word_1_341' title='bbox 712 2704 731 2723; x_wconf 89' lang='lat' dir='ltr'>a</span> <span class='ocrx_word' id='word_1_342' title='bbox 746 2698 835 2731; x_wconf 79' lang='lat' dir='ltr'>great</span> <span class='ocrx_word' id='word_1_343' title='bbox 858 2694 978 2723; x_wconf 85' lang='lat' dir='ltr'>offence</span> <span class='ocrx_word' id='word_1_344' title='bbox 1001 2694 1124 2732; x_wconf 80' lang='lat' dir='ltr'>against</span> 
     </span>
     <span class='ocr_line' id='line_1_43' title="bbox 344 2735 1123 2779; baseline -0.006 -9"><span class='ocrx_word' id='word_1_345' title='bbox 344 2741 543 2779; x_wconf 86' lang='lat' dir='ltr'>religion.—⁴</span> <span class='ocrx_word' id='word_1_346' title='bbox 558 2749 656 2778; x_wconf 91' lang='lat' dir='ltr'>quum</span> <span class='ocrx_word' id='word_1_347' title='bbox 703 2737 830 2776; x_wconf 86' lang='lat' dir='ltr'>quidam</span> <span class='ocrx_word' id='word_1_348' title='bbox 845 2735 864 2765; x_wconf 87' lang='lat'>:’</span> <span class='ocrx_word' id='word_1_349' title='bbox 912 2736 974 2766; x_wconf 86' lang='lat' dir='ltr'>this</span> <span class='ocrx_word' id='word_1_350' title='bbox 1014 2737 1040 2766; x_wconf 89' lang='lat' dir='ltr'>is</span> <span class='ocrx_word' id='word_1_351' title='bbox 1083 2747 1123 2765; x_wconf 88' lang='lat' dir='ltr'>an</span> 
     </span>
     <span class='ocr_line' id='line_1_44' title="bbox 343 2778 1125 2820; baseline -0.005 -7"><span class='ocrx_word' id='word_1_352' title='bbox 343 2782 545 2814; x_wconf 85' lang='lat' dir='ltr'>emendation</span> <span class='ocrx_word' id='word_1_353' title='bbox 562 2782 594 2811; x_wconf 88' lang='lat' dir='ltr'>in</span> <span class='ocrx_word' id='word_1_354' title='bbox 611 2782 698 2820; x_wconf 88' lang='lat' dir='ltr'>place</span> <span class='ocrx_word' id='word_1_355' title='bbox 714 2780 749 2810; x_wconf 88' lang='lat' dir='ltr'>of</span> <span class='ocrx_word' id='word_1_356' title='bbox 763 2784 769 2796; x_wconf 85' lang='lat'><strong><em>⁴</em></strong></span> <span class='ocrx_word' id='word_1_357' title='bbox 782 2790 880 2819; x_wconf 89' lang='lat' dir='ltr'>quum</span> <span class='ocrx_word' id='word_1_358' title='bbox 897 2778 1049 2818; x_wconf 88' lang='lat' dir='ltr'>quidem,’</span> <span class='ocrx_word' id='word_1_359' title='bbox 1067 2779 1125 2809; x_wconf 88' lang='lat' dir='ltr'>but</span> 
     </span>
     <span class='ocr_line' id='line_1_45' title="bbox 343 2822 1125 2864; baseline -0.008 -7"><span class='ocrx_word' id='word_1_360' title='bbox 343 2827 369 2857; x_wconf 89' lang='lat' dir='ltr'>it</span> <span class='ocrx_word' id='word_1_361' title='bbox 384 2827 411 2856; x_wconf 84' lang='lat' dir='ltr'>is</span> <span class='ocrx_word' id='word_1_362' title='bbox 435 2825 607 2856; x_wconf 87' lang='lat' dir='ltr'>confirmed</span> <span class='ocrx_word' id='word_1_363' title='bbox 629 2825 669 2864; x_wconf 87' lang='lat' dir='ltr'>by</span> <span class='ocrx_word' id='word_1_364' title='bbox 686 2824 744 2860; x_wconf 87' lang='lat' dir='ltr'>A.;</span> <span class='ocrx_word' id='word_1_365' title='bbox 770 2823 831 2852; x_wconf 87' lang='lat' dir='ltr'>and</span> <span class='ocrx_word' id='word_1_366' title='bbox 847 2822 961 2852; x_wconf 85' lang='lat' dir='ltr'>indeed</span> <span class='ocrx_word' id='word_1_367' title='bbox 982 2823 1007 2852; x_wconf 86' lang='lat' dir='ltr'>it</span> <span class='ocrx_word' id='word_1_368' title='bbox 1024 2823 1125 2861; x_wconf 85' lang='lat' dir='ltr'>might</span> 
     </span>
     <span class='ocr_line' id='line_1_46' title="bbox 344 2866 1128 2908; baseline -0.006 -8"><span class='ocrx_word' id='word_1_369' title='bbox 344 2870 425 2900; x_wconf 85' lang='lat' dir='ltr'>have</span> <span class='ocrx_word' id='word_1_370' title='bbox 446 2870 526 2900; x_wconf 89' lang='lat' dir='ltr'>been</span> <span class='ocrx_word' id='word_1_371' title='bbox 550 2867 699 2908; x_wconf 82' lang='lat' dir='ltr'>accepted</span> <span class='ocrx_word' id='word_1_372' title='bbox 715 2867 848 2897; x_wconf 83' lang='lat' dir='ltr'>without</span> <span class='ocrx_word' id='word_1_373' title='bbox 867 2866 944 2896; x_wconf 88' lang='lat' dir='ltr'>such</span> <span class='ocrx_word' id='word_1_374' title='bbox 961 2866 1128 2896; x_wconf 82' lang='lat' dir='ltr'>conflrma-</span> 
     </span>
     <span class='ocr_line' id='line_1_47' title="bbox 342 2914 423 2944; baseline -0.025 0"><span class='ocrx_word' id='word_1_375' title='bbox 342 2914 423 2944; x_wconf 92' lang='lat' dir='ltr'>tion.</span> 
     </span>
    </p>

    <p class='ocr_par' dir='ltr' id='par_1_7' title="bbox 390 2952 1126 2996">
     <span class='ocr_line' id='line_1_48' title="bbox 390 2952 1126 2996; baseline -0.007 -10"><span class='ocrx_word' id='word_1_376' title='bbox 390 2957 437 2986; x_wconf 74' lang='lat' dir='ltr'>bis</span> <span class='ocrx_word' id='word_1_377' title='bbox 460 2957 585 2987; x_wconf 71' lang='lat' dir='ltr'>vincere</span> <span class='ocrx_word' id='word_1_378' title='bbox 596 2956 629 2996; x_wconf 59' lang='lat'>⁴¹⁹]</span> <span class='ocrx_word' id='word_1_379' title='bbox 679 2954 834 2994; x_wconf 83' lang='lat' dir='ltr'>Compare</span> <span class='ocrx_word' id='word_1_380' title='bbox 858 2952 919 2983; x_wconf 89' lang='lat' dir='ltr'>Pro</span> <span class='ocrx_word' id='word_1_381' title='bbox 943 2952 1082 2990; x_wconf 81' lang='lat' dir='ltr'>Plancio,</span> <span class='ocrx_word' id='word_1_382' title='bbox 1100 2962 1126 2982; x_wconf 87' lang='lat' dir='ltr'>c.</span> 
     </span>
    </p>
   </div>
   <div class='ocr_carea' id='block_1_4' title="bbox 1164 2036 1949 2992">
    <p class='ocr_par' dir='ltr' id='par_1_8' title="bbox 1164 2036 1946 2128">
     <span class='ocr_line' id='line_1_49' title="bbox 1165 2036 1946 2085; baseline 0.001 -11"><span class='ocrx_word' id='word_1_383' title='bbox 1165 2045 1206 2075; x_wconf 83' lang='lat'>36</span> <span class='ocrx_word' id='word_1_384' title='bbox 1232 2036 1428 2085; x_wconf 57' lang='lat' dir='ltr'>(Halm).—‘</span> <span class='ocrx_word' id='word_1_385' title='bbox 1441 2047 1477 2074; x_wconf 91' lang='lat' dir='ltr'>ut</span> <span class='ocrx_word' id='word_1_386' title='bbox 1499 2046 1527 2075; x_wconf 78' lang='lat' dir='ltr'>si</span> <span class='ocrx_word' id='word_1_387' title='bbox 1554 2056 1625 2075; x_wconf 90' lang='lat' dir='ltr'>cum</span> <span class='ocrx_word' id='word_1_388' title='bbox 1649 2045 1867 2075; x_wconf 83' lang='lat' dir='ltr'>amentissimo</span> <span class='ocrx_word' id='word_1_389' title='bbox 1891 2045 1946 2076; x_wconf 89' lang='lat' dir='ltr'>tri-</span> 
     </span>
     <span class='ocr_line' id='line_1_50' title="bbox 1164 2087 1817 2128; baseline 0.003 -11"><span class='ocrx_word' id='word_1_390' title='bbox 1164 2087 1250 2118; x_wconf 91' lang='lat' dir='ltr'>buno</span> <span class='ocrx_word' id='word_1_391' title='bbox 1263 2088 1363 2127; x_wconf 87' lang='lat' dir='ltr'>plebis</span> <span class='ocrx_word' id='word_1_392' title='bbox 1380 2088 1613 2125; x_wconf 84' lang='lat' dir='ltr'>decertassem‚&#39;</span> <span class='ocrx_word' id='word_1_393' title='bbox 1641 2089 1737 2118; x_wconf 85' lang='lat' dir='ltr'>Halm</span> <span class='ocrx_word' id='word_1_394' title='bbox 1757 2090 1817 2128; x_wconf 83' lang='lat'>(2).</span> 
     </span>
    </p>

    <p class='ocr_par' dir='ltr' id='par_1_9' title="bbox 1167 2132 1948 2292">
     <span class='ocr_line' id='line_1_51' title="bbox 1207 2132 1948 2172; baseline 0.001 -11"><span class='ocrx_word' id='word_1_395' title='bbox 1207 2132 1250 2161; x_wconf 83' lang='lat' dir='ltr'>ad</span> <span class='ocrx_word' id='word_1_396' title='bbox 1280 2142 1371 2161; x_wconf 81' lang='lat' dir='ltr'>arma</span> <span class='ocrx_word' id='word_1_397' title='bbox 1397 2133 1577 2171; x_wconf 75' lang='lat' dir='ltr'>vocarent,]</span> <span class='ocrx_word' id='word_1_398' title='bbox 1641 2133 1768 2163; x_wconf 86' lang='lat' dir='ltr'>Ernesti</span> <span class='ocrx_word' id='word_1_399' title='bbox 1791 2132 1948 2172; x_wconf 84' lang='lat' dir='ltr'>proposed</span> 
     </span>
     <span class='ocr_line' id='line_1_52' title="bbox 1167 2175 1947 2206; baseline 0.001 -2"><span class='ocrx_word' id='word_1_400' title='bbox 1167 2176 1201 2204; x_wconf 89' lang='lat' dir='ltr'>to</span> <span class='ocrx_word' id='word_1_401' title='bbox 1217 2175 1305 2204; x_wconf 83' lang='lat' dir='ltr'>write</span> <span class='ocrx_word' id='word_1_402' title='bbox 1322 2178 1329 2191; x_wconf 84' lang='lat'><strong><em>⁴</em></strong></span> <span class='ocrx_word' id='word_1_403' title='bbox 1343 2179 1509 2205; x_wconf 86' lang='lat' dir='ltr'>vocassent</span> <span class='ocrx_word' id='word_1_404' title='bbox 1523 2175 1530 2188; x_wconf 84' lang='lat'><strong><em>⁷</em></strong></span> <span class='ocrx_word' id='word_1_405' title='bbox 1547 2175 1610 2205; x_wconf 89' lang='lat' dir='ltr'>and</span> <span class='ocrx_word' id='word_1_406' title='bbox 1633 2176 1785 2206; x_wconf 85' lang='lat' dir='ltr'>Garatoni</span> <span class='ocrx_word' id='word_1_407' title='bbox 1802 2179 1809 2192; x_wconf 91' lang='lat'><strong><em>⁴</em></strong></span> <span class='ocrx_word' id='word_1_408' title='bbox 1822 2185 1947 2206; x_wconf 87' lang='lat' dir='ltr'>evocas-</span> 
     </span>
     <span class='ocr_line' id='line_1_53' title="bbox 1167 2217 1946 2249; baseline 0.003 -2"><span class='ocrx_word' id='word_1_409' title='bbox 1167 2221 1238 2248; x_wconf 89' lang='lat' dir='ltr'>sent</span> <span class='ocrx_word' id='word_1_410' title='bbox 1250 2218 1257 2231; x_wconf 89' lang='lat'><strong><em>⁷</em></strong></span> <span class='ocrx_word' id='word_1_411' title='bbox 1274 2218 1323 2248; x_wconf 85' lang='lat' dir='ltr'>sor</span> <span class='ocrx_word' id='word_1_412' title='bbox 1347 2221 1354 2235; x_wconf 86' lang='lat'><strong><em>⁴</em></strong></span> <span class='ocrx_word' id='word_1_413' title='bbox 1367 2217 1537 2249; x_wconf 86' lang='lat' dir='ltr'>vocarent.’</span> <span class='ocrx_word' id='word_1_414' title='bbox 1584 2219 1599 2249; x_wconf 95' lang='lat' dir='ltr'>I</span> <span class='ocrx_word' id='word_1_415' title='bbox 1617 2219 1657 2249; x_wconf 93' lang='lat' dir='ltr'>do</span> <span class='ocrx_word' id='word_1_416' title='bbox 1674 2222 1730 2249; x_wconf 86' lang='lat' dir='ltr'>not</span> <span class='ocrx_word' id='word_1_417' title='bbox 1753 2218 1946 2249; x_wconf 83' lang='lat' dir='ltr'>understand</span> 
     </span>
     <span class='ocr_line' id='line_1_54' title="bbox 1168 2261 1359 2292; baseline 0.005 -1"><span class='ocrx_word' id='word_1_418' title='bbox 1168 2264 1175 2278; x_wconf 93' lang='lat'><strong><em>⁴</em></strong></span> <span class='ocrx_word' id='word_1_419' title='bbox 1188 2261 1359 2292; x_wconf 55' lang='lat' dir='ltr'>vocarent)</span> 
     </span>
    </p>

    <p class='ocr_par' dir='ltr' id='par_1_10' title="bbox 1165 2305 1948 2644">
     <span class='ocr_line' id='line_1_55' title="bbox 1209 2305 1947 2344; baseline -0.001 -9"><span class='ocrx_word' id='word_1_420' title='bbox 1209 2307 1261 2335; x_wconf 84' lang='lat'>20.</span> <span class='ocrx_word' id='word_1_421' title='bbox 1292 2306 1396 2335; x_wconf 74' lang='lat' dir='ltr'>Unum</span> <span class='ocrx_word' id='word_1_422' title='bbox 1420 2305 1520 2344; x_wconf 79' lang='lat' dir='ltr'>enim]</span> <span class='ocrx_word' id='word_1_423' title='bbox 1570 2305 1590 2335; x_wconf 89' lang='lat' dir='ltr'>i.</span> <span class='ocrx_word' id='word_1_424' title='bbox 1607 2315 1635 2336; x_wconf 92' lang='lat' dir='ltr'>e.</span> <span class='ocrx_word' id='word_1_425' title='bbox 1661 2305 1820 2341; x_wconf 84' lang='lat' dir='ltr'>‘scilicet‚&#39;</span> <span class='ocrx_word' id='word_1_426' title='bbox 1840 2305 1947 2336; x_wconf 82' lang='lat' dir='ltr'>Hand.</span> 
     </span>
     <span class='ocr_line' id='line_1_56' title="bbox 1167 2347 1948 2389; baseline 0.003 -12"><span class='ocrx_word' id='word_1_427' title='bbox 1167 2348 1261 2378; x_wconf 84' lang='lat' dir='ltr'>Turs.</span> <span class='ocrx_word' id='word_1_428' title='bbox 1278 2349 1309 2378; x_wconf 90' lang='lat' dir='ltr'>ii.</span> <span class='ocrx_word' id='word_1_429' title='bbox 1325 2359 1358 2388; x_wconf 93' lang='lat' dir='ltr'>p.</span> <span class='ocrx_word' id='word_1_430' title='bbox 1380 2350 1442 2379; x_wconf 80' lang='lat'>389</span> <span class='ocrx_word' id='word_1_431' title='bbox 1468 2347 1609 2389; x_wconf 79' lang='lat' dir='ltr'>(Halm).</span> <span class='ocrx_word' id='word_1_432' title='bbox 1656 2349 1688 2379; x_wconf 86' lang='lat' dir='ltr'>It</span> <span class='ocrx_word' id='word_1_433' title='bbox 1710 2359 1831 2385; x_wconf 86' lang='lat' dir='ltr'>means,</span> <span class='ocrx_word' id='word_1_434' title='bbox 1856 2352 1863 2366; x_wconf 91' lang='lat'><strong><em>⁴</em></strong></span> <span class='ocrx_word' id='word_1_435' title='bbox 1877 2348 1948 2379; x_wconf 88' lang='lat' dir='ltr'>One</span> 
     </span>
     <span class='ocr_line' id='line_1_57' title="bbox 1166 2391 1947 2430; baseline 0.001 -9"><span class='ocrx_word' id='word_1_436' title='bbox 1166 2391 1258 2430; x_wconf 82' lang='lat' dir='ltr'>thing</span> <span class='ocrx_word' id='word_1_437' title='bbox 1278 2392 1392 2421; x_wconf 88' lang='lat' dir='ltr'>indeed</span> <span class='ocrx_word' id='word_1_438' title='bbox 1407 2392 1568 2422; x_wconf 87' lang='lat' dir='ltr'>remained</span> <span class='ocrx_word' id='word_1_439' title='bbox 1596 2392 1644 2422; x_wconf 89' lang='lat' dir='ltr'>for</span> <span class='ocrx_word' id='word_1_440' title='bbox 1665 2402 1726 2429; x_wconf 88' lang='lat' dir='ltr'>me,</span> <span class='ocrx_word' id='word_1_441' title='bbox 1748 2393 1811 2422; x_wconf 88' lang='lat' dir='ltr'>and</span> <span class='ocrx_word' id='word_1_442' title='bbox 1835 2392 1860 2422; x_wconf 89' lang='lat' dir='ltr'>it</span> <span class='ocrx_word' id='word_1_443' title='bbox 1885 2400 1947 2421; x_wconf 78' lang='lat' dir='ltr'>was</span> 
     </span>
     <span class='ocr_line' id='line_1_58' title="bbox 1165 2434 1946 2475; baseline 0.001 -11"><span class='ocrx_word' id='word_1_444' title='bbox 1165 2435 1252 2471; x_wconf 88' lang='lat' dir='ltr'>this‚’</span> <span class='ocrx_word' id='word_1_445' title='bbox 1270 2444 1305 2464; x_wconf 88' lang='lat' dir='ltr'>or</span> <span class='ocrx_word' id='word_1_446' title='bbox 1321 2437 1328 2451; x_wconf 87' lang='lat'><strong><em>⁴</em></strong></span> <span class='ocrx_word' id='word_1_447' title='bbox 1342 2435 1414 2464; x_wconf 91' lang='lat' dir='ltr'>You</span> <span class='ocrx_word' id='word_1_448' title='bbox 1430 2445 1503 2475; x_wconf 87' lang='lat' dir='ltr'>may</span> <span class='ocrx_word' id='word_1_449' title='bbox 1519 2445 1573 2474; x_wconf 88' lang='lat' dir='ltr'>say</span> <span class='ocrx_word' id='word_1_450' title='bbox 1592 2445 1652 2465; x_wconf 91' lang='lat' dir='ltr'>one</span> <span class='ocrx_word' id='word_1_451' title='bbox 1668 2436 1759 2475; x_wconf 87' lang='lat' dir='ltr'>thing</span> <span class='ocrx_word' id='word_1_452' title='bbox 1774 2434 1946 2470; x_wconf 84' lang='lat' dir='ltr'>remained,</span> 
     </span>
     <span class='ocr_line' id='line_1_59' title="bbox 1166 2478 1948 2518; baseline 0.001 -11"><span class='ocrx_word' id='word_1_453' title='bbox 1166 2478 1268 2507; x_wconf 90' lang='lat' dir='ltr'>which</span> <span class='ocrx_word' id='word_1_454' title='bbox 1294 2488 1356 2508; x_wconf 86' lang='lat' dir='ltr'>was</span> <span class='ocrx_word' id='word_1_455' title='bbox 1386 2478 1461 2515; x_wconf 88' lang='lat' dir='ltr'>this,</span> <span class='ocrx_word' id='word_1_456' title='bbox 1497 2479 1558 2508; x_wconf 89' lang='lat' dir='ltr'>and</span> <span class='ocrx_word' id='word_1_457' title='bbox 1591 2478 1727 2518; x_wconf 85' lang='lat' dir='ltr'>perhaps</span> <span class='ocrx_word' id='word_1_458' title='bbox 1765 2489 1853 2508; x_wconf 89' lang='lat' dir='ltr'>some</span> <span class='ocrx_word' id='word_1_459' title='bbox 1888 2487 1948 2508; x_wconf 89' lang='lat' dir='ltr'>one</span> 
     </span>
     <span class='ocr_line' id='line_1_60' title="bbox 1168 2520 1947 2560; baseline 0.003 -10"><span class='ocrx_word' id='word_1_460' title='bbox 1168 2531 1240 2560; x_wconf 89' lang='lat' dir='ltr'>may</span> <span class='ocrx_word' id='word_1_461' title='bbox 1267 2521 1346 2550; x_wconf 90' lang='lat' dir='ltr'>have</span> <span class='ocrx_word' id='word_1_462' title='bbox 1373 2521 1438 2550; x_wconf 89' lang='lat' dir='ltr'>said</span> <span class='ocrx_word' id='word_1_463' title='bbox 1464 2520 1512 2551; x_wconf 66' lang='lat' dir='ltr'>it!</span> <span class='ocrx_word' id='word_1_464' title='bbox 1558 2521 1661 2551; x_wconf 85' lang='lat' dir='ltr'>There</span> <span class='ocrx_word' id='word_1_465' title='bbox 1691 2532 1743 2552; x_wconf 87' lang='lat' dir='ltr'>are</span> <span class='ocrx_word' id='word_1_466' title='bbox 1773 2522 1865 2552; x_wconf 88' lang='lat' dir='ltr'>other</span> <span class='ocrx_word' id='word_1_467' title='bbox 1893 2531 1947 2551; x_wconf 79' lang='lat' dir='ltr'>ex-</span> 
     </span>
     <span class='ocr_line' id='line_1_61' title="bbox 1168 2564 1947 2603; baseline 0.001 -10"><span class='ocrx_word' id='word_1_468' title='bbox 1168 2564 1289 2603; x_wconf 85' lang='lat' dir='ltr'>amples</span> <span class='ocrx_word' id='word_1_469' title='bbox 1312 2564 1376 2593; x_wconf 85' lang='lat' dir='ltr'>like</span> <span class='ocrx_word' id='word_1_470' title='bbox 1399 2564 1482 2593; x_wconf 85' lang='lat' dir='ltr'>this:</span> <span class='ocrx_word' id='word_1_471' title='bbox 1507 2574 1540 2594; x_wconf 87' lang='lat' dir='ltr'>as</span> <span class='ocrx_word' id='word_1_472' title='bbox 1561 2564 1652 2594; x_wconf 84' lang='lat' dir='ltr'>Verr.</span> <span class='ocrx_word' id='word_1_473' title='bbox 1669 2565 1700 2594; x_wconf 91' lang='lat' dir='ltr'>ii.</span> <span class='ocrx_word' id='word_1_474' title='bbox 1730 2566 1756 2595; x_wconf 85' lang='lat' dir='ltr'>l.</span> <span class='ocrx_word' id='word_1_475' title='bbox 1782 2575 1808 2595; x_wconf 88' lang='lat' dir='ltr'>c.</span> <span class='ocrx_word' id='word_1_476' title='bbox 1824 2567 1862 2602; x_wconf 88' lang='lat'>9;</span> <span class='ocrx_word' id='word_1_477' title='bbox 1887 2565 1947 2594; x_wconf 90' lang='lat' dir='ltr'>Pro</span> 
     </span>
     <span class='ocr_line' id='line_1_62' title="bbox 1170 2607 1893 2644; baseline 0.003 -8"><span class='ocrx_word' id='word_1_478' title='bbox 1170 2607 1210 2640; x_wconf 78' lang='lat' dir='ltr'>Q.</span> <span class='ocrx_word' id='word_1_479' title='bbox 1229 2607 1345 2636; x_wconf 86' lang='lat' dir='ltr'>Roscio</span> <span class='ocrx_word' id='word_1_480' title='bbox 1363 2607 1453 2637; x_wconf 91' lang='lat' dir='ltr'>Com.</span> <span class='ocrx_word' id='word_1_481' title='bbox 1471 2617 1497 2637; x_wconf 90' lang='lat' dir='ltr'>c.</span> <span class='ocrx_word' id='word_1_482' title='bbox 1516 2610 1554 2643; x_wconf 80' lang='lat'>93</span> <span class='ocrx_word' id='word_1_483' title='bbox 1580 2608 1640 2637; x_wconf 90' lang='lat' dir='ltr'>Pro</span> <span class='ocrx_word' id='word_1_484' title='bbox 1657 2608 1802 2644; x_wconf 82' lang='lat' dir='ltr'>Caecina,</span> <span class='ocrx_word' id='word_1_485' title='bbox 1820 2619 1845 2638; x_wconf 90' lang='lat' dir='ltr'>c.</span> <span class='ocrx_word' id='word_1_486' title='bbox 1863 2609 1893 2644; x_wconf 91' lang='lat'>7.</span> 
     </span>
    </p>

    <p class='ocr_par' dir='ltr' id='par_1_11' title="bbox 1169 2649 1948 2774">
     <span class='ocr_line' id='line_1_63' title="bbox 1214 2649 1948 2689; baseline 0.001 -10"><span class='ocrx_word' id='word_1_487' title='bbox 1214 2650 1278 2679; x_wconf 90' lang='lat' dir='ltr'>But</span> <span class='ocrx_word' id='word_1_488' title='bbox 1303 2650 1398 2680; x_wconf 86' lang='lat' dir='ltr'>Halm</span> <span class='ocrx_word' id='word_1_489' title='bbox 1426 2649 1475 2689; x_wconf 79' lang='lat'>(2)</span> <span class='ocrx_word' id='word_1_490' title='bbox 1499 2650 1556 2680; x_wconf 86' lang='lat' dir='ltr'>has</span> <span class='ocrx_word' id='word_1_491' title='bbox 1580 2651 1705 2681; x_wconf 84' lang='lat' dir='ltr'>written</span> <span class='ocrx_word' id='word_1_492' title='bbox 1733 2651 1869 2682; x_wconf 85' lang='lat' dir='ltr'>‘etiam&#39;</span> <span class='ocrx_word' id='word_1_493' title='bbox 1900 2650 1948 2681; x_wconf 88' lang='lat' dir='ltr'>for</span> 
     </span>
     <span class='ocr_line' id='line_1_64' title="bbox 1169 2693 1947 2734; baseline 0.001 -12"><span class='ocrx_word' id='word_1_494' title='bbox 1169 2696 1176 2710; x_wconf 86' lang='lat'><strong><em>⁴</em></strong></span> <span class='ocrx_word' id='word_1_495' title='bbox 1189 2693 1296 2722; x_wconf 64' lang='lat' dir='ltr'>enim!</span> <span class='ocrx_word' id='word_1_496' title='bbox 1360 2693 1505 2734; x_wconf 82' lang='lat' dir='ltr'>Koechly</span> <span class='ocrx_word' id='word_1_497' title='bbox 1543 2694 1646 2724; x_wconf 87' lang='lat' dir='ltr'>would</span> <span class='ocrx_word' id='word_1_498' title='bbox 1688 2695 1751 2724; x_wconf 85' lang='lat' dir='ltr'>like</span> <span class='ocrx_word' id='word_1_499' title='bbox 1794 2698 1827 2725; x_wconf 92' lang='lat' dir='ltr'>to</span> <span class='ocrx_word' id='word_1_500' title='bbox 1870 2695 1947 2724; x_wconf 87' lang='lat' dir='ltr'>have</span> 
     </span>
     <span class='ocr_line' id='line_1_65' title="bbox 1170 2735 1285 2774; baseline -0.017 -8"><span class='ocrx_word' id='word_1_501' title='bbox 1170 2739 1177 2753; x_wconf 81' lang='lat'><strong><em>⁴</em></strong></span> <span class='ocrx_word' id='word_1_502' title='bbox 1191 2735 1285 2774; x_wconf 85' lang='lat' dir='ltr'>ergo.’</span> 
     </span>
    </p>

    <p class='ocr_par' dir='ltr' id='par_1_12' title="bbox 1169 2779 1949 2992">
     <span class='ocr_line' id='line_1_66' title="bbox 1213 2779 1947 2820; baseline 0 -11"><span class='ocrx_word' id='word_1_503' title='bbox 1213 2780 1396 2809; x_wconf 50' lang='grc' dir='ltr'>Βίης-[Μίδεω</span> <span class='ocrx_word' id='word_1_504' title='bbox 1410 2802 1416 2809; x_wconf 94' lang='grc'><em>.</em></span> <span class='ocrx_word' id='word_1_505' title='bbox 1433 2802 1439 2810; x_wconf 96' lang='grc'><strong><em>.</em></strong></span> <span class='ocrx_word' id='word_1_506' title='bbox 1460 2781 1678 2820; x_wconf 61' lang='lat' dir='ltr'>‚opp-edisses]</span> <span class='ocrx_word' id='word_1_507' title='bbox 1729 2783 1736 2797; x_wconf 81' lang='grc'><strong><em>6</em></strong></span> <span class='ocrx_word' id='word_1_508' title='bbox 1748 2780 1821 2810; x_wconf 90' lang='lat' dir='ltr'>You</span> <span class='ocrx_word' id='word_1_509' title='bbox 1835 2779 1947 2811; x_wconf 85' lang='lat' dir='ltr'>should</span> 
     </span>
     <span class='ocr_line' id='line_1_67' title="bbox 1169 2822 1948 2854; baseline 0.001 -3"><span class='ocrx_word' id='word_1_510' title='bbox 1169 2823 1248 2852; x_wconf 87' lang='lat' dir='ltr'>have</span> <span class='ocrx_word' id='word_1_511' title='bbox 1263 2822 1418 2852; x_wconf 77' lang='lat' dir='ltr'>resisted.’</span> <span class='ocrx_word' id='word_1_512' title='bbox 1463 2824 1609 2854; x_wconf 87' lang='lat' dir='ltr'>Wunder</span> <span class='ocrx_word' id='word_1_513' title='bbox 1625 2824 1804 2854; x_wconf 82' lang='lat' dir='ltr'>discovered</span> <span class='ocrx_word' id='word_1_514' title='bbox 1817 2824 1849 2853; x_wconf 87' lang='lat' dir='ltr'>in</span> <span class='ocrx_word' id='word_1_515' title='bbox 1861 2824 1948 2853; x_wconf 87' lang='lat' dir='ltr'>these</span> 
     </span>
     <span class='ocr_line' id='line_1_68' title="bbox 1172 2866 1949 2907; baseline 0 -12"><span class='ocrx_word' id='word_1_516' title='bbox 1172 2866 1284 2902; x_wconf 82' lang='lat' dir='ltr'>words,</span> <span class='ocrx_word' id='word_1_517' title='bbox 1302 2866 1403 2896; x_wconf 84' lang='lat' dir='ltr'>which</span> <span class='ocrx_word' id='word_1_518' title='bbox 1420 2866 1499 2896; x_wconf 87' lang='lat' dir='ltr'>have</span> <span class='ocrx_word' id='word_1_519' title='bbox 1525 2867 1580 2897; x_wconf 89' lang='lat' dir='ltr'>the</span> <span class='ocrx_word' id='word_1_520' title='bbox 1599 2867 1698 2907; x_wconf 83' lang='lat' dir='ltr'>jingle</span> <span class='ocrx_word' id='word_1_521' title='bbox 1722 2867 1758 2897; x_wconf 87' lang='lat' dir='ltr'>of</span> <span class='ocrx_word' id='word_1_522' title='bbox 1776 2878 1795 2897; x_wconf 91' lang='lat' dir='ltr'>a</span> <span class='ocrx_word' id='word_1_523' title='bbox 1813 2866 1949 2897; x_wconf 83' lang='lat' dir='ltr'>trochaic</span> 
     </span>
     <span class='ocr_line' id='line_1_69' title="bbox 1172 2910 1946 2950; baseline 0.001 -12"><span class='ocrx_word' id='word_1_524' title='bbox 1172 2912 1365 2946; x_wconf 79' lang='lat' dir='ltr'>tetrameter,</span> <span class='ocrx_word' id='word_1_525' title='bbox 1389 2920 1408 2939; x_wconf 87' lang='lat' dir='ltr'>a</span> <span class='ocrx_word' id='word_1_526' title='bbox 1423 2920 1512 2940; x_wconf 86' lang='lat' dir='ltr'>verse</span> <span class='ocrx_word' id='word_1_527' title='bbox 1534 2910 1570 2941; x_wconf 91' lang='lat' dir='ltr'>of</span> <span class='ocrx_word' id='word_1_528' title='bbox 1582 2921 1600 2940; x_wconf 91' lang='lat' dir='ltr'>a</span> <span class='ocrx_word' id='word_1_529' title='bbox 1615 2911 1713 2949; x_wconf 87' lang='lat' dir='ltr'>tragic</span> <span class='ocrx_word' id='word_1_530' title='bbox 1737 2914 1822 2950; x_wconf 86' lang='lat' dir='ltr'>poet,</span> <span class='ocrx_word' id='word_1_531' title='bbox 1839 2910 1946 2947; x_wconf 83' lang='lat' dir='ltr'>taking</span> 
     </span>
     <span class='ocr_line' id='line_1_70' title="bbox 1173 2952 1948 2992; baseline -0.003 -9"><span class='ocrx_word' id='word_1_532' title='bbox 1173 2952 1227 2983; x_wconf 87' lang='lat' dir='ltr'>the</span> <span class='ocrx_word' id='word_1_533' title='bbox 1242 2953 1426 2992; x_wconf 85' lang='lat' dir='ltr'>precaution</span> <span class='ocrx_word' id='word_1_534' title='bbox 1449 2954 1593 2984; x_wconf 89' lang='lat' dir='ltr'>however</span> <span class='ocrx_word' id='word_1_535' title='bbox 1608 2957 1641 2985; x_wconf 86' lang='lat' dir='ltr'>to</span> <span class='ocrx_word' id='word_1_536' title='bbox 1657 2954 1788 2985; x_wconf 86' lang='lat' dir='ltr'>observe</span> <span class='ocrx_word' id='word_1_537' title='bbox 1811 2953 1880 2984; x_wconf 85' lang='lat' dir='ltr'>that</span> <span class='ocrx_word' id='word_1_538' title='bbox 1895 2952 1948 2983; x_wconf 85' lang='lat' dir='ltr'>the</span> 
     </span>
    </p>
   </div>
  </div>
 </body>
</html>
