2063 3242
302 204 385 244 506
776 202 955 245 ORAT.
990 202 1111 245 PRO
1147 203 1197 244 P.
1232 202 1447 244 SESTIO

300 317 505 359 victorem
536 317 653 359 vivus
681 317 907 368 inimicum,
942 317 1089 358 eadem
1117 317 1197 358 sibi
1228 331 1355 358 manu
1382 317 1512 359 vitam
1540 316 1803 369 exhausisse,
1830 332 1913 374 qua

299 390 481 426 mortem
501 399 626 439 saepe
648 384 841 425 hostibus
863 383 1102 425 obtulisset.

358 450 527 492 XXII.
562 451 685 491 Haec
708 465 787 505 ego
810 454 853 491 et
875 450 1009 491 multa
1029 449 1110 490 alia
1131 449 1325 503 cogitans
1346 449 1427 490 hoc
1442 449 1648 501 videbam,
1666 448 1700 490 si
1719 463 1914 490 caussam

298 517 510 572 publicam
530 531 623 557 mea
644 530 757 556 mors
778 515 1038 570 peremisset,
1064 514 1273 556 neminem
1304 529 1503 570 umquam
1534 515 1623 556 fore
1645 514 1716 570 qui
1738 515 1915 556 auderet

297 583 508 638 suscipere
537 587 686 623 contra
718 581 932 636 improbos
963 580 1073 621 cives
1101 580 1282 621 salutem
1304 580 1363 621 rei
1385 580 1591 636 publicae.
1657 580 1809 635 Itaque
1830 595 1914 620 non

298 649 433 690 solum
454 648 489 689 si
511 648 550 689 vi
571 647 822 695 interissem,
857 647 932 687 sed
965 645 1094 687 etiam
1125 645 1159 686 si
1190 645 1337 686 morbo
1370 645 1609 687 exstinctus
1646 660 1794 695 essem,
1824 645 1913 687 fore

298 716 503 769 putabam
524 718 572 754 ut
593 712 832 767 exemplum
849 711 909 753 rei
923 711 1116 765 publicae
1131 711 1443 752 conservandae
1460 725 1626 752 mecum
1639 711 1763 752 simul
1784 710 1913 752 inter-

298 780 394 821 iret.
457 779 562 832 Quis
598 778 708 820 enim
736 792 935 832 umquam
970 791 1037 818 me
1058 792 1083 818 a
1104 781 1256 818 senatu
1290 776 1529 832 populoque
1563 776 1755 817 Romano
1788 781 1912 818 tant-o

298 845 484 886 omnium
514 845 722 885 bonorum
752 843 894 884 studio
926 857 1011 883 non
1032 842 1247 892 restituto,
1273 843 1386 898 quod
1408 847 1534 892 certe,
1559 841 1594 882 si
1616 856 1753 882 essem
1783 841 1912 883 inter-

296 912 446 961 fectus,
471 910 660 951 accidere
693 923 779 950 non
809 907 1032 964 potuisset,
1056 908 1183 948 ullam
1209 908 1269 949 rei
1302 907 1494 963 publicae
1527 912 1691 962 partem
1720 922 1814 948 cum
1836 921 1912 948 sua

297 976 470 1016 minima
504 975 659 1017 invidia
691 976 869 1016 auderet
904 973 1149 1029 attingere?
1212 974 1383 1015 Servavi
1417 973 1546 1029 igitur
1582 988 1670 1013 rem
1703 973 1912 1028 publicam

298 1041 485 1082 discessu
526 1056 633 1090 meo,
663 1040 855 1095 judices:
906 1039 1079 1080 caedem
1111 1053 1137 1079 a
1171 1038 1290 1080 vobis
1324 1038 1550 1093 liberisque
1583 1038 1748 1089 vestris,
1783 1038 1909 1079 vasti-

296 1110 443 1156 tatem,
479 1105 684 1156 incendia,
719 1104 887 1160 rapinas
919 1119 1013 1145 meo
1050 1103 1193 1145 dolore
1224 1104 1425 1160 luctuque
1457 1104 1608 1159 depuli,
1633 1108 1678 1145 et
1707 1118 1816 1144 unus
1845 1103 1910 1144 bis

297 1187 385 1213 rem
411 1171 618 1226 publicam
645 1170 821 1221 servavi,
845 1171 973 1211 semel
1001 1169 1148 1226 gloria,
1172 1170 1326 1211 iterum
1356 1184 1559 1211 aerumna
1590 1184 1697 1211 mea.
1761 1170 1910 1225 Neque

298 1237 408 1279 enim
436 1237 477 1277 in
506 1237 586 1277 hoc
618 1251 683 1276 me
711 1235 923 1276 hominem
959 1250 1051 1276 esse
1084 1235 1299 1276 infitiabor
1330 1249 1540 1289 umquam,
1574 1240 1623 1276 ut
1653 1249 1719 1275 me
1748 1235 1909 1290 optimo

297 1302 440 1351 fratre,
465 1301 692 1342 carissimis
712 1301 866 1349 liberis,
884 1301 1088 1342 fidissima
1110 1301 1304 1355 conjuge,
1324 1305 1466 1342 vestro
1490 1306 1733 1356 conspectu,
1758 1301 1908 1356 patria,

297 1368 376 1408 hoc
397 1367 568 1408 honoris
601 1367 737 1421 gradu
765 1366 854 1407 sine
883 1366 1026 1407 dolore
1058 1366 1243 1407 caruisse
1272 1366 1440 1420 glorier.
1504 1365 1625 1418 Quod
1647 1366 1681 1406 si
1702 1367 1907 1418 fecissem,

297 1433 409 1489 quod
426 1448 450 1474 a
466 1447 533 1473 me
549 1432 800 1473 beneficium
822 1432 1048 1481 haberetis,
1066 1446 1195 1486 quum
1217 1446 1293 1487 pro
1315 1431 1434 1472 vobis
1451 1446 1500 1472 ea
1518 1446 1622 1486 quae
1644 1431 1746 1472 mihi
1768 1438 1911 1474 essent

296 1499 394 1540 vilia
435 1497 695 1553 reliquissem
717 1499 730 1539 ἒ
793 1497 891 1538 Hoc
932 1512 1026 1538 meo
1069 1497 1238 1552 quidem
1279 1496 1419 1538 animo
1460 1497 1612 1537 summi
1652 1496 1694 1537 in
1729 1497 1912 1552 patriam

296 1565 451 1607 amoris
468 1564 551 1606 mei
573 1564 739 1619 signum
757 1578 850 1605 esse
868 1564 994 1604 debet
1012 1562 1304 1611 certissimum,
1329 1563 1452 1618 quod,
1478 1577 1605 1618 quum
1620 1564 1766 1604 abesse
1787 1564 1840 1604 ab
1861 1578 1911 1605 ea

297 1631 387 1672 sine
409 1645 572 1671 summo
591 1630 732 1671 dolore
747 1644 829 1670 non
846 1643 1025 1684 possem,
1048 1628 1159 1669 hunc
1173 1643 1239 1669 me
1261 1628 1426 1683 perpeti
1449 1642 1574 1683 quam
1596 1628 1707 1669 illam
1728 1628 1910 1670 labefac-

297 1696 380 1738 tari
401 1697 454 1737 ab
476 1696 676 1751 improbis
697 1694 838 1736 malui.
902 1694 1195 1745 Memineram,
1214 1693 1392 1749 judices,
1427 1694 1612 1735 divinum
1640 1694 1754 1735 illum
1776 1695 1910 1736 virum

297 1767 425 1817 atque
439 1776 491 1802 ex
512 1761 644 1802 isdem
666 1760 818 1817 quibus
831 1775 908 1801 nos
929 1760 1140 1800 radicibus
1161 1764 1310 1800 natum
1323 1759 1377 1799 ad
1393 1758 1571 1800 salutem
1592 1759 1718 1814 hujus
1732 1759 1906 1815 imperii,

299 1828 346 1869 O.
368 1827 566 1878 Marium,
590 1841 752 1867 summa
780 1830 1014 1874 senectute,
1051 1839 1180 1880 quum
1200 1824 1284 1865 vim
1313 1839 1442 1879 prope
1459 1825 1674 1879 justorum
1698 1839 1909 1866 armorum

1127 1912 1220 1953 ings.'
1268 1914 1403 1944 “Bakio
1431 1924 1498 1943 meo
1525 1915 1630 1944 animo
1657 1914 1794 1945 formula
1817 1915 1909 1945 dubi-

1126 1957 1223 1986 tantis
1247 1967 1348 1997 eaque
1371 1957 1410 1986 ab
1434 1957 1496 1987 hoc
1518 1958 1588 1987 loco
1609 1958 1802 1988 alienissima
1822 1959 1908 1989 vide-

1126 2005 1199 2036 tur3
1225 2010 1321 2039 quare
1347 2010 1404 2030 suo
1430 2011 1518 2031 more
1543 2011 1636 2031 sanae
1654 2002 1805 2032 orationis
1826 2002 1910 2041 parti

298 1916 359 1947 bus
386 1917 543 1946 Fimbriae
567 1917 800 1955 interemptus:
832 1918 924 1954 pater
948 1914 1081 1945 Crassus

299 1970 340 1990 ne
370 1960 446 1999 quid
475 1959 639 1998 indignum
676 1969 733 1989 sua
762 1959 880 1988 virtute
919 1961 1082 1996 pateretur

299 2003 403 2042 gladio
420 2012 452 2032 se
468 2003 626 2032 transfixit
639 2001 657 2014 ”
676 2001 762 2042 (Liv.
780 2002 866 2040 Epit.
891 2001 959 2042 80).
1008 2001 1080 2030 Plu-

299 2046 389 2076 tarch
407 2044 565 2084 (Crassus,
583 2045 618 2085 4)
644 2055 714 2084 says
738 2045 808 2074 that
831 2044 886 2074 the
902 2044 1006 2074 father
1021 2044 1083 2073 and

301 2089 433 2119 brother
443 2088 479 2118 of
487 2089 534 2118 M.
543 2088 674 2118 Crassus
685 2098 766 2118 were
777 2091 835 2127 put
845 2091 878 2117 to
889 2087 984 2117 death
996 2099 1003 2124 ς
1021 2087 1081 2117 and

304 2132 427 2167 Florus,
458 2132 500 2162 iii.
531 2133 585 2167 21,
617 2142 686 2171 says
717 2131 771 2161 the
802 2141 897 2161 same.
955 2131 1081 2170 Appian

302 2175 355 2215 (B.
374 2175 409 2205 C.
427 2175 446 2204 i.
465 2174 520 2215 72)
539 2185 608 2214 says
631 2175 701 2205 that
717 2174 850 2205 Crassus
871 2174 933 2204 and
958 2174 1006 2203 his
1023 2184 1080 2203 son

300 2218 395 2258 being
425 2219 562 2257 pursued
594 2218 637 2258 by
666 2218 722 2248 the
752 2218 915 2254 assassins,
948 2217 1081 2248 Crassus

300 2262 397 2292 killed
427 2262 476 2292 his
506 2272 576 2291 own
608 2271 665 2291 son
700 2261 808 2291 before
844 2261 893 2291 his
930 2270 1080 2300 pursuers

299 2305 433 2335 reached
464 2305 539 2340 him,
571 2305 634 2334 and
664 2315 726 2335 was
751 2304 881 2334 himself
907 2303 1080 2334 overtaken

300 2348 363 2378 and
380 2348 469 2377 slain.
516 2348 626 2379 Cicero
652 2348 716 2388 (De
733 2348 789 2378 Or.
807 2348 850 2377 iii.
868 2347 902 2388 3)
927 2348 1024 2387 keeps
1047 2351 1080 2377 to

300 2391 350 2421 his
367 2395 463 2430 story.

345 2437 396 2465 22.
413 2436 440 2463 si
457 2444 601 2464 caussam
614 2433 795 2472 publicam]
817 2432 977 2463 Abramus
994 2443 1080 2463 com-

301 2488 391 2517 pares
408 2477 462 2507 the
480 2477 540 2506 Pro
558 2477 695 2513 PlanciQ
713 2487 739 2506 c.
757 2478 818 2512 37:
845 2476 946 2515 “Ego
962 2486 1036 2506 vero
1056 2476 1082 2505 si

300 2525 370 2550 tum
393 2521 520 2550 illorum
544 2520 626 2549 ferro
642 2530 678 2548 ac
694 2529 792 2548 manu
807 2519 1024 2555 concidissem,
1049 2519 1082 2549 in

300 2568 490 2603 perpetuum
506 2573 556 2593 res
573 2562 699 2601 publica
714 2562 803 2592 civile
826 2562 1017 2602 praesidium
1034 2572 1082 2592 sa-

300 2608 375 2637 lutis
392 2616 480 2637 meae
497 2604 719 2645 perdidisset.'’

344 2661 427 2680 unus
444 2651 491 2680 bis
506 2659 573 2679 rem
585 2647 769 2688 publicam]
821 2647 880 2677 See
896 2648 946 2678 De
963 2648 1081 2684 Domo,

301 2705 324 2724 c.
344 2696 396 2730 37,
413 2697 500 2723 note.

343 2747 410 2766 meo
428 2736 554 2776 quidem
572 2734 693 2774 animo]
738 2734 815 2763 This
831 2734 857 2763 is
875 2733 929 2763 the
946 2743 1032 2763 same
1047 2743 1081 2763 as

301 2783 308 2797 ⁴
324 2790 393 2810 meo
418 2779 536 2819 judicio
548 2778 565 2815 3'
600 2778 659 2807 but
686 2777 842 2807 Matthiae
866 2776 1008 2816 explains
1034 2777 1078 2806 it:

301 2826 320 2840 “
335 2833 434 2863 quum
451 2832 541 2852 meus
557 2822 583 2851 is
599 2821 722 2851 animus
738 2823 832 2856 esset,
857 2830 915 2849 nos
935 2820 1078 2856 dicimus,

301 2867 350 2896 bez·
372 2867 476 2896 dieser
497 2862 726 2904 Gesinnunq,·’'
750 2863 853 2892 which
876 2863 902 2892 is
927 2863 1080 2902 certainly

300 2912 357 2939 not
370 2910 424 2939 the
438 2909 595 2947 meaning.
621 2908 652 2938 It
668 2907 705 2942 is,
718 2917 751 2937 as
767 2907 863 2936 Halm
876 2915 958 2946 says,
977 2908 984 2922 ‘
996 2907 1079 2935 nac-lt

300 2954 434 2983 meitzem
463 2949 622 2991 Gqfic‘lcle,’
655 2950 844 2990 ‘according
866 2952 900 2980 to
926 2959 979 2989 my
1003 2948 1078 2979 scel-

1129 2044 1314 2083 scalpellum
1338 2043 1516 2073 adhibuit’'
1543 2044 1671 2085 (Halm)
1691 2056 1699 2083 ;
1722 2056 1740 2075 a
1755 2056 1829 2085 very
1842 2046 1910 2085 just

1128 2087 1259 2126 reproof
1280 2087 1315 2116 of
1338 2098 1378 2116 an
1402 2088 1568 2126 ingenious
1593 2089 1691 2125 critic,
1713 2089 1784 2119 who
1805 2099 1908 2119 some-

1128 2131 1222 2160 times
1240 2134 1308 2169 gets
1325 2141 1443 2169 wrong.

1169 2174 1351 2213 radicibus]
1384 2174 1472 2204 Bake
1489 2172 1570 2214 (Cic.
1588 2174 1638 2204 De
1655 2175 1752 2214 Legg.
1769 2185 1800 2214 p.
1818 2173 1908 2216 460),

1126 2216 1210 2246 cited
1225 2217 1267 2256 by
1286 2217 1394 2254 Halm,
1413 2227 1484 2257 says
1499 2218 1570 2247 that
1587 2221 1594 2234 ⁴
1606 2218 1725 2248 radices
1737 2219 1744 2232 ⁷
1762 2218 1859 2248 refers
1875 2222 1909 2249 to

1126 2260 1225 2300 place,
1247 2260 1309 2290 and
1332 2264 1389 2290 not
1403 2264 1436 2291 to
1453 2261 1523 2291 civil
1544 2261 1716 2292 condition.
1764 2262 1836 2292 Itis
1853 2266 1910 2292 not

1125 2314 1199 2343 easy
1226 2307 1259 2333 to
1284 2314 1336 2334 see
1362 2304 1433 2333 how
1459 2315 1520 2344 any
1546 2314 1607 2334 one
1631 2305 1725 2335 could
1750 2305 1821 2345 give
1843 2305 1868 2336 it
1890 2315 1910 2335 a

1126 2346 1273 2376 different
1290 2348 1438 2386 meaning
1453 2347 1537 2377 here.

1169 2391 1232 2420 vim
1243 2400 1348 2429 prope
1356 2390 1539 2430 justorum]
1561 2389 1665 2421 ‘vim'
1683 2391 1718 2421 P.
1737 2391 1776 2421 G.
1810 2391 1907 2421 Halm

1127 2432 1177 2473 (2)
1204 2433 1261 2463 has
1277 2434 1403 2463 written
1430 2434 1504 2463 ‘vi.'
1552 2434 1718 2464 Manutius
1742 2445 1814 2474 says
1838 2435 1909 2465 that

1127 2477 1167 2505 he
1183 2477 1257 2505 calls
1275 2479 1282 2493 ⁴
1296 2486 1396 2516 prope
1408 2476 1495 2515 justa
1507 2475 1514 2488 '
1530 2477 1585 2506 the
1602 2481 1608 2493 ‘
1621 2477 1730 2512 arma‚'
1747 2478 1789 2517 by
1805 2478 1908 2508 which

1129 2519 1217 2549 Sulla
1232 2519 1328 2549 drove
1350 2522 1407 2548 out
1430 2519 1467 2549 of
1485 2520 1541 2549 the
1566 2520 1628 2559 city
1644 2521 1765 2558 twelve,
1782 2531 1816 2551 as
1832 2521 1907 2558 Vel-

1127 2563 1207 2592 leius
1232 2561 1278 2602 (ii.
1300 2563 1353 2601 19)
1371 2562 1427 2592 has
1451 2563 1486 2597 it,
1507 2562 1576 2592 who
1600 2573 1681 2593 were
1706 2564 1761 2594 the
1785 2574 1908 2595 movers

1128 2605 1164 2635 of
1176 2605 1231 2634 the
1247 2605 1319 2635 civil
1335 2605 1548 2641 disturbance,
1566 2606 1689 2637 Marius
1708 2607 1770 2637 and
1786 2608 1834 2637 his
1851 2617 1909 2637 son

1126 2657 1243 2687 among
1269 2648 1369 2678 them.
1418 2649 1468 2679 He
1492 2649 1590 2679 adds:
1616 2650 1746 2680 “Nulla
1769 2651 1802 2680 in
1826 2651 1908 2681 cives

1126 2701 1214 2720 arma
1239 2691 1324 2729 justa
1348 2694 1434 2727 sunt,
1461 2692 1515 2722 sed
1537 2693 1590 2722 illa
1611 2703 1710 2733 prope
1723 2693 1844 2733 justa.''
1891 2694 1907 2724 Ι

1126 2744 1177 2763 am
1203 2738 1259 2763 not
1283 2734 1370 2773 quite
1395 2745 1466 2765 sure
1490 2735 1517 2764 if
1537 2736 1586 2765 his
1610 2737 1758 2776 meaning
1774 2748 1845 2776 may
1869 2737 1908 2767 be

1127 2777 1294 2813 mistaken,
1311 2787 1371 2807 nor
1386 2788 1437 2808 am
1455 2778 1469 2808 I
1488 2779 1575 2818 quite
1591 2789 1662 2809 sure
1678 2780 1763 2810 what
1778 2780 1818 2810 he
1833 2780 1907 2810 does

1124 2830 1227 2849 mean.
1270 2820 1336 2850 But
1353 2821 1462 2851 Cicero
1479 2822 1554 2852 does
1570 2826 1626 2853 not
1642 2833 1734 2853 mean
1752 2827 1759 2840 ‘
1770 2824 1838 2862 just
1849 2823 1856 2837 '
1873 2824 1907 2853 in

1124 2872 1183 2892 our
1199 2873 1300 2893 sense.
1348 2864 1400 2894 He
1416 2875 1524 2896 means
1540 2875 1559 2896 a
1575 2869 1699 2897 contest
1714 2867 1830 2897 almost
1844 2867 1907 2897 like

1124 2915 1143 2936 a
1158 2906 1284 2946 regular
1299 2917 1371 2938 war.
