2063 3242
237 147 321 189 344«
451 145 632 188 ORAT.
665 142 853 199 QUUM
890 140 1141 184 POPULO
1177 138 1451 182 GRATIAS
1485 135 1648 180 EGIT.

236 260 510 317 persolvendo
542 257 754 301 dissimilis
785 260 850 299 est
881 255 990 299 ratio
1024 254 1228 312 pecuniae
1251 253 1443 302 debitae;
1477 255 1699 310 propterea
1730 252 1843 309 quod

236 326 458 382 pecuniam
476 326 545 381 qui
559 325 715 366 retinet
729 338 812 364 non
828 323 1017 364 dissolvit
1035 341 1045 371 ;
1072 323 1143 378 qui
1164 321 1361 370 reddidit,
1384 335 1468 361 non
1485 320 1636 361 habet:
1662 320 1845 376 gratiam

238 397 282 433 et
323 391 393 446 qui
434 390 600 432 rettulit
641 389 782 438 habet,
819 394 862 430 et
903 388 974 443 qui
1015 389 1145 428 habet
1187 386 1392 427 dissolvit.
1470 386 1532 426 X.
1577 385 1845 440 Quapropter

238 456 485 497 memoriam
525 454 653 496 vestri
695 453 885 494 beneficii
938 453 1072 494 colam
1114 451 1406 492 benevolentia
1445 450 1713 506 sempiterna,
1761 464 1845 490 non

239 521 374 562 solum
396 522 495 561 dum
516 520 655 561 anima
675 519 843 574 spirabo
871 534 977 567 mea,
1001 519 1075 559 sed
1108 518 1237 559 etiam
1259 532 1353 558 cum
1385 522 1550 558 mortuo
1572 520 1846 556 monumenta

239 586 368 628 vestri
390 586 432 626 in
453 600 518 626 me
540 584 729 626 beneficii
751 584 1069 640 permanebunt.
1134 582 1185 623 In
1205 582 1424 623 referenda
1445 586 1588 622 autem
1609 580 1747 635 gratia
1767 580 1846 621 hoc

239 652 358 693 vobis
389 650 638 706 repromitto
675 664 922 704 semperque
956 649 1197 704 praestabo,
1227 647 1327 688 mihi
1356 662 1490 702 neque
1518 646 1560 687 in
1589 645 1773 687 consiliis
1795 646 1846 687 de

240 731 286 757 re
321 717 489 772 publica
525 715 740 770 capiendis
776 714 1051 769 diligentiam,
1091 727 1225 768 neque
1257 712 1299 752 in
1328 712 1523 767 periculis
1555 726 1580 752 a
1611 726 1655 753 re
1683 712 1848 767 publica

238 781 529 838 propulsandis
550 780 745 829 animum,
770 794 904 835 neque
934 779 975 819 in
1006 778 1218 820 sententia
1248 777 1493 832 simpliciter
1513 778 1687 819 ferenda
1707 777 1845 826 fidem,

240 862 376 902 neque
398 846 440 886 in
461 845 676 886 hominum
697 844 983 885 voluntatibus
1005 858 1080 898 pro
1103 857 1147 883 re
1169 843 1337 898 publica
1358 842 1573 884 laedendis
1594 843 1846 891 libertatem,

240 928 318 954 nec
358 912 400 952 in
440 911 686 966 perferendo
726 910 867 950 labore
908 909 1172 959 industriam,
1216 923 1294 950 nec
1336 908 1378 948 in
1426 908 1578 949 vestris
1619 907 1850 949 commodis

242 977 446 1033 augendis
480 980 646 1030 gratam
686 974 814 1016 animi
850 974 1186 1015 benevolentiam
1228 974 1482 1014 defuturam.
1560 972 1705 1028 Atque
1745 974 1850 1014 haec

243 1057 355 1091 cura,
387 1041 585 1094 Quirites,
619 1040 699 1081 erit
730 1039 860 1080 infixa
890 1039 1029 1080 animo
1060 1054 1154 1080 meo
1187 1038 1458 1094 sempiterna,
1491 1043 1540 1080 ut
1570 1053 1697 1093 quum
1718 1038 1849 1087 vobis,

243 1107 314 1163 qui
350 1107 462 1162 apud
497 1121 564 1146 me
600 1106 774 1146 deorum
814 1104 1111 1145 immortalium
1145 1104 1228 1145 vim
1264 1108 1307 1144 et
1348 1118 1507 1144 numen
1547 1104 1715 1154 tenetis,
1758 1108 1851 1145 tum

242 1172 424 1229 poster1s
444 1170 595 1212 vestris
618 1169 865 1224 cunctisque
893 1169 1090 1224 gentibus
1123 1169 1394 1224 dignissimus
1422 1183 1471 1209 ea
1503 1169 1674 1211 civitate
1695 1169 1849 1219 videar,

243 1252 350 1293 quae
387 1251 506 1277 suam
528 1235 779 1289 dignitatem
814 1249 899 1275 non
934 1248 1058 1289 posse
1092 1249 1136 1275 se
1159 1239 1318 1283 tenere,
1342 1234 1422 1274 nisi
1454 1249 1520 1276 me
1544 1239 1850 1290 recuperasset,

244 1301 411 1344 cunctis
431 1300 642 1355 suffragiis
656 1299 875 1354 judicavit.

292 1418 342 1449 10.
367 1426 430 1446 non
453 1417 555 1446 solum
580 1414 672 1454 dum]
730 1414 762 1444 It
784 1414 811 1444 is
837 1414 970 1444 difficult
996 1416 1030 1444 to

246 1461 340 1492 know
370 1460 455 1489 what
484 1462 518 1488 to
549 1458 588 1487 do
620 1458 695 1487 with
727 1457 802 1487 this.
851 1457 947 1487 Halm
973 1457 1030 1487 has

245 1503 386 1534 restored
422 1503 476 1532 the
517 1511 647 1540 passage
682 1500 763 1530 fr0m
806 1500 1028 1530 Mamertinus'

248 1548 428 1578 Gratiarum
446 1546 549 1581 Actio,
567 1555 593 1574 c.
611 1546 652 1575 32
667 1556 674 1580 ;
699 1544 759 1573 and
776 1543 816 1573 he
832 1544 889 1573 has
905 1544 1031 1583 printed

247 1591 272 1621 it
288 1590 362 1620 thus
377 1602 383 1619 :
410 1592 429 1606 “
443 1598 542 1628 neque
565 1588 667 1617 solum
690 1597 739 1616 me
754 1588 835 1622 vivo,
853 1586 907 1616 sed
923 1587 1029 1622 etiam,

249 1644 321 1664 curn
353 1634 460 1662 anima
489 1630 641 1669 defecerit
677 1640 746 1659 mea
780 1630 881 1659 multa
917 1640 1030 1659 monu-

247 1675 389 1711 menta‚''
409 1678 465 1704 &c.
512 1674 695 1703 Mommsen
711 1683 862 1713 proposes
878 1685 884 1702 :
911 1676 930 1689 ‘⁴
943 1673 1030 1706 Qua-

247 1723 378 1761 propter
395 1741 402 1748 .
422 1741 429 1747 .
449 1741 455 1747 .
473 1717 674 1756 sempiterna,
695 1718 813 1755 [neque
824 1716 942 1756 solum]
958 1726 1030 1745 cum

249 1763 355 1793 anima
371 1760 496 1800 spirabo
513 1770 593 1795 mea,
611 1759 665 1788 sed
682 1759 775 1788 etiam
792 1769 863 1788 cum
882 1758 934 1797 [ea
945 1759 1031 1788 defe-

251 1805 343 1844 cerit]
365 1804 465 1834 multa
474 1805 682 1832 monumenta
693 1824 699 1831 .
716 1824 723 1831 .
742 1824 749 1831 .
761 1801 1029 1840 permanebunt.”

251 1848 324 1878 One
340 1847 445 1886 object
467 1846 503 1875 of
515 1845 570 1874 the
592 1845 710 1874 critical
732 1848 781 1874 art
798 1845 824 1874 is
840 1848 873 1874 to
889 1844 1031 1874 discover

250 1891 336 1921 what
351 1891 377 1920 is
393 1889 447 1920 the
459 1887 593 1928 original
607 1890 686 1918 text.
732 1887 767 1918 If
778 1887 880 1918 either
894 1887 930 1917 of
941 1887 1031 1918 these

1074 1413 1177 1444 critics
1200 1413 1256 1444 has
1280 1414 1460 1444 discovered
1482 1414 1518 1449 it,
1541 1415 1596 1445 the
1618 1415 1734 1445 author
1749 1415 1775 1446 is
1792 1416 1855 1446 still

1075 1457 1260 1496 chargeable
1277 1457 1351 1486 with
1368 1457 1541 1497 absurdity.

1108 1500 1251 1538 ferenda
1269 1500 1400 1540 fidem]
1449 1501 1518 1531 The
1544 1501 1679 1531 editions
1705 1501 1856 1542 formerly

1075 1543 1137 1573 had
1155 1547 1162 1560 ⁴
1176 1543 1340 1574 referenda
1361 1543 1480 1580 fidem,'
1504 1544 1605 1574 which
1622 1545 1714 1574 could
1736 1549 1794 1575 not
1817 1546 1856 1576 be

1075 1586 1171 1625 easily
1206 1587 1381 1625 explained,
1413 1587 1474 1617 and
1510 1588 1709 1627 accordingly
1738 1589 1763 1618 it
1793 1599 1855 1618 was

1075 1629 1233 1669 proposed
1249 1633 1282 1659 to
1299 1630 1387 1659 write
1405 1633 1411 1646 ‘
1426 1630 1576 1666 ferenda‚’
1593 1631 1654 1660 and
1670 1631 1733 1660 this
1756 1632 1783 1660 is
1800 1632 1855 1661 the

1074 1673 1203 1711 reading
1219 1672 1253 1701 of
1268 1673 1301 1702 P.
1320 1673 1358 1703 G.
1377 1673 1413 1703 E.
1428 1673 1480 1708 V„
1494 1674 1530 1703 of
1542 1683 1629 1703 some
1644 1674 1734 1703 other
1745 1674 1855 1711 MSS„

1075 1715 1137 1744 and
1154 1716 1190 1745 of
1203 1715 1426 1752 Mamertinus,
1444 1716 1514 1745 who
1538 1717 1570 1746 in
1598 1716 1646 1746 his
1669 1717 1797 1747 address
1821 1721 1855 1747 to

1075 1758 1130 1788 the
1146 1768 1290 1798 emperor
1304 1759 1411 1789 Julian
1429 1759 1486 1789 has
1504 1759 1646 1789 imitated
1662 1760 1723 1789 and
1740 1761 1856 1800 closely

1075 1801 1219 1831 followed
1250 1801 1306 1831 the
1336 1802 1520 1832 conclusion
1558 1803 1594 1832 of
1620 1803 1682 1832 this
1718 1804 1855 1834 oration.

1076 1844 1108 1874 It
1123 1854 1185 1875 was
1197 1845 1266 1884 just
1280 1844 1335 1875 the
1350 1845 1442 1885 thing
1457 1845 1505 1876 for
1519 1845 1574 1876 the
1589 1846 1695 1877 times.
