2063 3242
12 464 234 588 „Q

300 547 318 586 ί
349 527 454 568 licae
484 542 616 581 poena
644 532 853 584 remor-ata
881 528 973 568 est?

347 593 574 634 hebescere
596 593 728 633 aciem
757 593 903 632 horum
927 592 1207 633 auctoritatis.

96 944 340 1028 asom

346 155 399 193 18

739 151 918 193 ORAT.
953 152 987 194 I.
1022 152 1088 193 IN
1121 153 1170 194 L.
1194 152 1548 194 CATILINAM

346 265 574 307 clarissimo
595 273 729 320 patre,
748 281 838 316 avo,
858 266 1108 320 majoribus:
1145 266 1306 307 occisus
1328 271 1393 307 est
1414 280 1505 306 cum
1527 266 1668 307 liberis
1687 266 1749 308 M.
1770 267 1943 308 Fulvius

347 331 590 372 consularis.

654 331 785 372 Simili
807 336 981 372 senatus
1003 331 1192 372 consulto
1216 332 1262 372 C.
1289 331 1427 371 Mario
1456 336 1499 372 et
1530 331 1577 372 L.
1604 331 1773 372 Valerio
1796 347 1942 373 consu-

348 397 455 437 libus
477 397 680 452 permissa
700 402 767 438 est
787 412 854 438 res
875 397 1041 452 publica
1060 413 1068 437 ε
1103 412 1201 436 num
1223 412 1350 436 unum
1380 397 1486 437 diem
1510 402 1658 452 postea
1682 397 1729 439 L.
1755 398 1943 438 Saturni-

223 461 332 529 s&
348 478 446 503 nmn
471 463 683 504 tribunum
716 463 848 518 plebis
869 468 913 503 et
935 463 980 503 C.
1006 462 1223 503 Servilium
1256 467 1492 516 praetorem
1527 478 1639 503 mors
1670 478 1719 504 ac
1752 464 1810 504 rei
1842 464 1943 518 pub-

1034 527 1096 567 At
1128 541 1205 567 nos
1233 526 1472 567 vicesimum
1503 528 1592 582 jam
1622 529 1731 569 diem
1763 528 1945 583 patimur

1271 592 1492 633 Habemus
1522 593 1632 633 enim
1659 593 1945 648 hujuscemodi

348 663 538 715 senatus.
562 658 811 707 consultum,
861 645 1148 698 verumtamen
1189 657 1395 698 inclusum
1436 658 1477 698 in
1518 658 1686 707 tabulis,
1729 664 1945 713 tamquam

349 723 391 763 in
438 723 588 778 vagina
627 723 917 769 reconditum;
974 737 1054 777 quo
1095 738 1148 763 ex
1187 728 1358 763 senatus
1401 723 1591 780 consulto
1639 724 1859 764 confestim
1902 727 1946 763 te

348 787 617 829 interfectum
665 803 768 836 esse,

818 787 1012 835 Catilina,
1057 788 1264 829 convenit.

349 853 637 907 deponendam
669 854 741 893 sed
773 853 827 893 ad
859 853 1186 893 confirmandam
1217 853 1446 894 audaciam.

1339 787 1484 829 Vivis:
1531 794 1575 829 et
1615 788 1718 829 vivis
1764 803 1847 829 non
1893 788 1947 828 ad

1509 853 1655 908 Cupio,
1680 858 1823 907 patres
1851 867 1947 893 eon-

353 918 512 973 scripti,
536 933 601 958 me
630 933 722 959 esse
747 919 1020 965 clementem3
1057 918 1176 973 cupio
1210 918 1251 958 in
1283 919 1415 959 tantis
1448 918 1505 959 rei
1534 918 1722 973 publicae
1752 918 1947 973 periculis

349 997 416 1023 me
447 997 530 1023 non
564 983 812 1039 dissolutum
846 983 989 1024 videri.
1022 984 1096 1023 sed
1122 983 1211 1037 jam
1242 998 1307 1023 me
1338 983 1425 1038 ipse
1450 984 1624 1024 inertiae
1656 984 1947 1038 nequitiaeque

350 1049 593 1088 condemno.

656 1048 809 1089 Castra
831 1055 930 1089 sunt
952 1048 991 1088 in
1027 1048 1150 1089 Italia
1172 1053 1322 1089 contra
1343 1064 1429 1089 rem
1451 1049 1658 1104 publicam
1680 1049 1721 1089 in
1750 1048 1948 1089 Etruriae

350 1113 540 1154 faucibus
582 1113 811 1159 collocata;
862 1113 1012 1154 crescit
1053 1113 1094 1152 in
1138 1113 1226 1153 dies
1266 1114 1451 1168 singulos
1492 1114 1677 1154 hostium
1717 1127 1943 1159 numerus;

351 1193 494 1219 eorum
535 1183 676 1219 autem
719 1184 953 1219 castrorum
1003 1178 1299 1233 imperatorem
1345 1179 1574 1234 ducemque
1615 1178 1797 1219 hostium
1837 1177 1949 1218 intra

350 1244 516 1284 moenia
544 1231 805 1298 atqueffio
838 1244 879 1283 in
911 1249 1060 1284 senatu
1083 1243 1271 1284 videmus
1296 1243 1539 1284 intestinam
1560 1244 1738 1298 aliquam
1762 1243 1949 1297 quotidie

351 1308 576 1362 perniciem
593 1308 651 1348 rei
673 1308 861 1362 publicae
878 1309 1130 1349 molientem.

1179 1309 1222 1349 Si
1245 1314 1287 1349 te
1305 1309 1406 1363 jam,
1427 1308 1620 1357 Catilina,
1640 1308 1946 1363 comprehendi,

352 1373 387 1413 si
410 1373 587 1414 interfici
610 1374 789 1427 jussero,
815 1374 953 1422 credo,
989 1373 1069 1414 erit
1089 1374 1315 1413 verendum
1346 1373 1460 1422 mihi,
1496 1389 1547 1414 ne
1582 1388 1663 1413 non
1696 1373 1775 1413 hoe
1808 1372 1950 1427 potius

351 1433 495 1480 omnes
516 1439 612 1479 boni
634 1439 766 1479 serius
788 1454 812 1479 a
834 1453 899 1479 me
921 1453 1045 1493 quam
1065 1438 1283 1493 quisquam
1302 1439 1510 1479 crudelius
1531 1439 1689 1479 factum
1711 1453 1801 1480 esse
1820 1438 1947 1478 dicat.

353 1504 515 1545 Verum
549 1519 626 1559 ego
658 1505 750 1552 hoc,
781 1505 892 1559 quod
919 1504 1170 1559 jampridem
1201 1504 1360 1545 factum
1392 1519 1483 1545 esse
1514 1504 1715 1558 oportuit,
1752 1508 1868 1544 certa
1899 1503 1950 1542 de

352 1584 498 1610 caussa
519 1570 703 1610 nondum
724 1570 910 1610 adducor
932 1575 978 1610 ut
999 1569 1161 1610 faciam.
1215 1569 1321 1609 Tum
1345 1569 1522 1624 denique
1544 1568 1801 1616 interficiere,
1823 1583 1950 1623 quum

347 1635 435 1688 jam
472 1649 592 1674 nemo
629 1640 716 1675 tam
754 1635 977 1688 improbus,
1014 1640 1101 1675 tam
1138 1634 1340 1688 perditus,
1379 1639 1468 1674 tam
1502 1635 1562 1674 tui
1595 1634 1740 1674 similis
1774 1633 1949 1673 inveniri

352 1699 509 1753 poterit
540 1699 609 1753 qui
640 1699 680 1739 id
713 1714 795 1739 nou
820 1700 914 1753 jure
940 1700 1100 1740 factum
1122 1713 1212 1739 esse
1233 1699 1430 1740 fateatur.

1494 1699 1702 1751 Quamdiu
1732 1698 1951 1753 quisquam

353 1764 433 1804 erit
458 1764 527 1818 qui
558 1770 600 1804 te
633 1764 853 1804 defendere
881 1765 1046 1814 audeat,
1078 1764 1215 1811 vives;
1262 1772 1306 1805 et
1335 1764 1448 1804 vives
1477 1764 1536 1804 ita
1570 1769 1618 1805 ut
1651 1764 1800 1818 [nune]
1832 1764 1946 1814 vivis,

353 1829 494 1869 multis
530 1829 632 1869 meis
668 1833 711 1869 et
746 1829 877 1869 firmis
909 1829 1127 1883 praesidiis
1158 1830 1366 1880 obsessus,
1403 1844 1453 1869 ne
1486 1843 1746 1870 commovere
1779 1833 1822 1869 te
1853 1843 1949 1869 con-

355 1898 420 1935 tra
449 1909 536 1934 rem
569 1894 775 1948 publicam
804 1894 953 1949 possis.

406 2025 437 2056 C'.
455 2025 581 2064 Mario]
632 2024 690 2053 See
711 2025 771 2055 Pro
788 2025 929 2060 Rabirio,
946 2035 972 2055 c.
990 2026 1019 2061 7.
1058 2025 1130 2055 Vol.

360 2068 405 2098 II.
446 2068 481 2098 C.
501 2068 648 2097 Servilius
665 2068 690 2097 is
707 2068 743 2098 C.
762 2068 910 2097 Servilius
927 2069 1067 2105 Glaucia,
1079 2069 1133 2098 the

359 2111 485 2140 tribune
501 2110 571 2139 who
588 2110 733 2149 perished
750 2111 824 2140 with
843 2112 1041 2141 Saturninus.

403 2157 563 2183 remorata
595 2157 640 2183 est
653 2154 684 2193 ἶ]
745 2157 752 2170 ⁴
768 2154 831 2183 Did
862 2154 955 2183 death
985 2155 1046 2184 and
1077 2155 1133 2184 the

359 2197 488 2236 penalty
515 2196 654 2226 inflicted
687 2197 727 2235 by
754 2197 808 2226 the
836 2201 916 2226 state
942 2198 1019 2236 keep
1044 2198 1131 2227 them

359 2240 434 2278 long
450 2240 481 2268 in
499 2240 695 2278 expectation
709 2240 735 2268 ?’
781 2240 869 2279 They
887 2245 971 2269 must
988 2241 1066 2270 have
1078 2251 1131 2270 ex-

360 2282 471 2322 pected
488 2282 593 2317 death,
609 2282 670 2311 and
688 2282 780 2312 death
798 2283 850 2312 did
866 2288 921 2313 not
937 2284 1028 2313 make
1044 2284 1132 2313 them

358 2326 440 2354 wait.

401 2367 600 2406 vicesimum]
650 2367 681 2396 It
700 2378 761 2397 was
784 2368 857 2407 only
874 2368 928 2397 the
950 2369 1132 2407 eighteenth

359 2410 429 2450 day,
459 2410 605 2440 observes
633 2411 787 2440 Asconius
816 2411 868 2449 (In
898 2411 1003 2441 Pison.
1035 2414 1050 2448 ξ
1080 2412 1130 2451 4);

360 2457 381 2471 “
395 2454 475 2483 Cum
493 2458 621 2482 octavus
642 2453 781 2482 (let-imus
804 2454 869 2482 dies
893 2458 984 2490 esset,
1009 2460 1129 2494 postea-

360 2507 453 2537 quam
482 2496 599 2525 factum
628 2500 754 2525 senatus
779 2497 957 2526 consultum
985 2504 1020 2526 ut
1046 2498 1130 2527 vide-

359 2544 430 2569 rent
446 2539 589 2568 consules
606 2549 645 2567 ne
662 2539 735 2577 quid
754 2549 801 2568 res
815 2539 939 2578 publiea
951 2540 1132 2570 detrimenti

360 2586 495 2622 caperet,
513 2582 591 2610 (lixit
607 2582 792 2617 vigesimum
814 2583 895 2611 diem
913 2583 1028 2612 habere
1045 2593 1131 2612 sena-

360 2629 410 2655 tus
433 2624 646 2654 consultuni.”
693 2624 761 2653 The
786 2625 919 2654 number
936 2626 970 2654 of
986 2626 1131 2654 nineteen

360 2669 436 2707 days
454 2669 478 2697 is
495 2667 585 2696 made
604 2671 659 2696 out
684 2667 723 2706 by
744 2668 895 2703 eounting
919 2668 972 2697 the
993 2673 1133 2697 extreme

360 2711 436 2750 days
453 2711 531 2740 from
549 2710 603 2739 the
617 2711 820 2748 twentytirst
837 2711 872 2738 of
890 2711 1028 2739 October
1045 2711 1132 2749 (ante

360 2754 442 2783 diem
457 2754 496 2783 xii
513 2753 583 2782 Kal.
599 2753 692 2785 Novu
704 2763 729 2781 c.
742 2753 774 2792 3)
788 2756 821 2781 to
834 2752 887 2781 the
899 2753 1005 2791 eighth
1019 2754 1054 2782 of
1065 2754 1131 2783 No-

360 2797 497 2826 vember.
543 2796 611 2825 The
630 2796 768 2824 Romans
785 2796 815 2824 in
834 2796 909 2824 such
927 2806 1011 2825 cases
1028 2806 1130 2825 some-

360 2840 452 2869 times
477 2838 611 2868 counted
639 2839 693 2867 the
721 2842 782 2867 two
806 2842 970 2874 extremes
994 2838 1051 2868 but
1076 2842 1131 2868 not

361 2882 484 2921 always.
533 2881 564 2911 It
580 2881 681 2920 might
699 2881 777 2911 have
794 2881 873 2911 been
890 2881 1046 2920 supposed
1063 2881 1132 2912 that

1020 1894 1255 1934 Multorum
1287 1900 1331 1935 te
1353 1894 1480 1936 etiam
1509 1895 1617 1935 oculi
1639 1900 1682 1935 et
1710 1909 1832 1935 aures
1866 1909 1950 1935 non

1177 2035 1272 2065 usage
1287 2026 1388 2056 would
1412 2026 1492 2056 have
1507 2026 1589 2055 fixed
1606 2026 1660 2056 the
1681 2025 1828 2065 meaning
1843 2025 1879 2055 of
1895 2026 1951 2056 the

1177 2070 1297 2099 ordinal
1318 2069 1467 2099 numbers
1482 2070 1573 2099 when
1591 2069 1666 2108 they
1683 2080 1763 2099 were
1784 2069 1950 2109 employed

1177 2115 1210 2141 to
1240 2122 1366 2152 express
1397 2113 1451 2142 the
1483 2113 1560 2142 time
1595 2111 1735 2141 between
1766 2115 1828 2142 two
1859 2113 1951 2142 other

1177 2156 1288 2192 times3
1313 2155 1371 2185 but
1386 2156 1411 2184 it
1427 2166 1488 2184 was
1505 2158 1561 2184 not
1582 2165 1616 2185 so
1633 2155 1794 2195 (Savigny,
1813 2155 1949 2195 System,

1179 2200 1235 2228 διο.
1250 2210 1257 2234 ;
1283 2199 1427 2237 Beylage,
1445 2209 1475 2238 p.
1493 2197 1582 2237 601).

1221 2241 1426 2280 dissolutam]
1454 2244 1461 2257 ⁴
1475 2241 1657 2271 Dissolutus
1669 2239 1676 2252 ’
1693 2240 1718 2269 is
1735 2240 1876 2270 careleSS.
1910 2240 1950 2270 In

1177 2283 1231 2313 the
1248 2288 1255 2300 ⁴
1266 2284 1381 2313 oratio’
1397 2284 1455 2313 Pro
1468 2284 1501 2313 P.
1517 2284 1659 2318 Quintio,
1673 2294 1699 2312 c.
1714 2284 1747 2314 ll
1770 2283 1854 2323 (Vol.
1868 2282 1948 2323 II.):

1177 2329 1196 2343 ‘⁴
1211 2326 1290 2359 Quis
1306 2331 1370 2356 tam
1388 2326 1558 2356 dissolutus
1573 2327 1605 2356 in
1622 2336 1655 2355 re
1671 2326 1814 2356 familiari
1828 2327 1949 2361 fuisset,

1177 2370 1247 2408 quis
1263 2374 1326 2398 tam
1344 2369 1538 2408 negligens.’'
1557 2373 1612 2399 &a

1220 2412 1555 2452 Etrm-iaej'cmeibm]
1604 2412 1672 2441 The
1689 2422 1778 2451 camp
1800 2412 1835 2441 of
1856 2412 1950 2441 Man-

1177 2454 1237 2484 lius
1264 2465 1326 2484 was
1351 2459 1382 2485 at
1414 2455 1563 2485 Faesulae
1592 2454 1741 2494 (Fiesolo)
1767 2455 1798 2483 in
1823 2455 1950 2484 Etruria

1178 2497 1321 2536 (Sallust,
1347 2498 1415 2528 Cat.
1441 2508 1467 2527 c.
1494 2500 1561 2535 24),
1585 2498 1616 2527 in
1640 2498 1696 2527 the
1719 2498 1817 2536 valley
1840 2498 1876 2527 of
1895 2498 1950 2528 the

1177 2541 1274 2576 Arno,
1306 2541 1368 2569 and
1399 2550 1416 2569 a
1446 2541 1504 2570 few
1535 2541 1623 2570 miles
1653 2540 1752 2570 above
1788 2541 1949 2570 Florence.

1179 2583 1265 2612 Sulla
1282 2583 1341 2612 had
1359 2583 1548 2612 established
1565 2594 1583 2612 a
1597 2584 1707 2622 colony
1721 2583 1795 2613 here
1812 2583 1865 2623 (In
1878 2584 1949 2614 Cat.

1177 2626 1218 2655 iii.
1237 2626 1283 2665 6),
1301 2626 1401 2655 which
1418 2636 1480 2656 was
1504 2636 1563 2655 one
1586 2636 1695 2655 reason
1718 2626 1788 2665 why
1809 2626 1950 2656 Manlius

1178 2669 1268 2698 made
1295 2669 1441 2698 Faesulae
1466 2669 1513 2698 his
1537 2669 1786 2708 head-quartem.
1835 2669 1865 2698 It
1887 2679 1949 2698 was

1176 2711 1241 2740 also
1275 2721 1350 2740 near
1388 2712 1441 2741 the
1472 2712 1665 2751 ApennineS.
1721 2712 1790 2741 The
1821 2722 1889 2741 rear
1919 2712 1954 2742 of

1176 2754 1315 2783 Manlius
1331 2764 1392 2784 was
1409 2754 1485 2790 safe,
1502 2755 1563 2784 und
1586 2755 1624 2784 he
1646 2754 1748 2791 might.
1767 2755 1860 2784 retire
1876 2764 1950 2784 over

1176 2796 1230 2825 the
1246 2798 1425 2826 mountains
1442 2798 1508 2827 into
1526 2798 1628 2827 North
1649 2798 1739 2837 Italy.
1781 2798 1875 2827 Halm
1892 2798 1949 2827 has

1177 2843 1317 2869 “contra
1346 2840 1499 2879 populum
1532 2841 1709 2870 Romanum
1740 2840 1772 2870 in
1802 2840 1948 2870 Etruriae

1176 2881 1351 2912 faueibus.’'
