2063 3242
289 218 373 258 450
523 213 702 257 ORAT.
736 213 819 255 DE
854 211 1283 254 HARUSPIGUM
1319 211 1660 253 RESPONSIS

286 331 508 387 ciliumque
557 329 715 371 Matris
763 328 950 378 deorum,
998 326 1190 377 vastaris,
1240 332 1284 369 et
1330 326 1558 381 Brogitaro
1605 325 1895 380 Gassograeco,

286 397 450 453 impuro
478 395 636 437 homini
661 409 710 435 ac
742 393 912 443 nefario,
939 393 1060 447 cujus
1091 392 1221 448 legati
1250 397 1294 434 te
1323 393 1492 434 tribuno
1519 391 1702 432 dividere
1724 391 1765 431 in
1794 391 1899 431 aede

288 461 480 503 Castoris
500 461 585 502 tuis
606 459 743 514 operis
765 473 959 499 nummos
982 458 1188 507 solebant,
1212 462 1352 499 totum
1375 458 1490 499 illum
1511 457 1649 497 locum
1670 456 1899 510 fanumque

286 526 551 570 vendideris?
587 525 851 566 sacerdotem
885 525 938 564 ab
976 523 1079 578 ipsis
1115 523 1198 564 aris
1234 523 1600 578 pulvinaribusque
1637 521 1900 563 detraxeris?

287 593 427 636 omnia
468 592 548 640 illa,
593 605 699 645 quae
740 594 945 638 vetustas,
984 604 1092 644 quae
1131 589 1300 638 Persae,
1344 604 1450 644 quae
1493 588 1601 643 Syri,
1637 602 1742 642 quae
1778 602 1900 641 reges

287 674 444 708 omnes,
470 657 540 712 qui
565 656 778 710 Europam
803 654 1036 710 Asiamque
1059 659 1300 703 tenuerunt,
1324 669 1488 709 semper
1512 668 1674 694 summa
1699 653 1900 708 religione

287 725 521 773 coluerunt,
558 721 836 777 perverteris?
879 736 983 775 quae
1020 720 1198 775 denique
1239 719 1373 761 nostri
1410 720 1591 774 majores
1626 724 1715 760 tam
1750 723 1902 759 sancta

287 791 513 839 duxerunt,
538 793 598 838 ut,
624 801 752 842 quum
775 786 973 827 refertam
995 786 1141 827 urbem
1162 791 1291 840 atque
1316 785 1485 827 Italiam
1506 785 1699 826 fanorum
1727 785 1900 825 habere-

287 871 391 907 mus,
416 860 560 896 tamen
597 853 731 894 nostri
766 852 1043 908 imperatores
1078 851 1272 892 maximis
1308 856 1352 893 et
1387 850 1751 906 periculosissimis
1781 850 1902 891 hellis

287 923 385 964 huic
419 923 522 963 deae
543 924 643 961 vota
663 920 864 968 facerent,
890 933 1021 973 eaque
1052 917 1094 958 in
1125 917 1217 973 ipso
1251 917 1506 959 Pessinunte
1538 917 1592 958 ad
1624 916 1735 957 illam
1767 916 1902 971 ipsam

288 987 519 1043 principem
550 1001 667 1027 aram
696 990 740 1026 et
771 985 812 1025 in
844 984 913 1025 illo
944 984 1036 1024 loco
1058 983 1238 1038 fanoque
1259 983 1557 1038 persolverent.
1622 983 1743 1036 Quod
1775 997 1902 1038 quum

290 1053 523 1094 Deiotarus
553 1051 756 1107 religione
783 1065 859 1091 sua
891 1048 1125 1090 castissime
1156 1053 1360 1098 tueretur,
1386 1063 1509 1104 quem
1540 1063 1669 1089 unum
1700 1048 1903 1088 habemus

288 1118 331 1159 in
366 1120 466 1160 orbe
504 1124 712 1160 terrarum
744 1116 1033 1157 fidelissimum
1069 1114 1166 1156 huic
1202 1114 1375 1170 imperio
1407 1120 1535 1170 atque
1568 1114 1903 1155 amantissimum

289 1184 425 1226 nostri
447 1183 639 1231 nominis,
661 1182 900 1237 Brogitaro,
926 1186 973 1222 ut
995 1185 1095 1222 ante
1117 1180 1215 1230 dixi,
1239 1180 1454 1221 addictum
1476 1180 1653 1236 pecunia
1675 1178 1901 1220 tradidisti.

291 1251 438 1305 Atque
460 1250 570 1289 hunc
588 1253 730 1289 tamen
747 1247 1010 1295 Deiotarum,
1027 1260 1151 1301 saepe
1172 1261 1196 1286 a
1218 1251 1367 1287 senatu
1390 1246 1519 1299 regali
1542 1246 1708 1287 nomine
1731 1245 1903 1300 dignum

290 1315 595 1362 existimatum,
632 1312 958 1354 clarissimorum
992 1311 1295 1367 imperatorum
1329 1311 1582 1352 testimoniis
1616 1316 1824 1361 ornatum,
1856 1315 1903 1351 tu

290 1381 419 1422 etiam
461 1394 601 1435 regem
638 1377 841 1434 appellari
878 1392 972 1418 cum
1007 1377 1236 1432 Brogitaro
1273 1378 1412 1432 jubes.
1476 1376 1560 1418 Sed
1593 1378 1701 1418 alter
1734 1382 1798 1417 est
1829 1391 1904 1416 rex

285 1446 447 1501 judicio
490 1449 664 1486 senatus
704 1458 779 1499 per
814 1459 904 1493 nos,
941 1445 1120 1500 pecunia
1158 1443 1409 1498 Brogitarus
1449 1459 1523 1498 per
1564 1447 1607 1484 te
1637 1443 1900 1499 appellatus:

290 1512 472 1554 alterum
503 1512 663 1566 putabo
697 1524 851 1565 regem,
886 1509 921 1550 si
955 1509 1151 1550 habuerit
1185 1509 1296 1549 unde
1330 1509 1406 1550 tihi
1444 1509 1582 1550 solvat
1614 1509 1725 1564 quod
1762 1509 1797 1550 ei
1829 1524 1905 1564 per

291 1577 576 1633 syngrapham
598 1575 830 1617 credidisti.
894 1575 1004 1616 Nam
1035 1590 1162 1630 quum
1193 1575 1327 1615 multa
1358 1575 1473 1630 regia
1497 1580 1596 1616 suut
1619 1575 1660 1615 in
1684 1574 1902 1624 Deiotaro,

291 1648 384 1684 tum
421 1643 490 1684 illa
526 1642 722 1692 maxime,
760 1641 872 1696 quod
908 1641 986 1682 tibi
1023 1655 1240 1681 nummum
1275 1640 1434 1681 nullum
1470 1641 1613 1689 dedit;
1659 1640 1771 1696 quod
1812 1655 1906 1681 eam

291 1714 455 1764 partem
488 1708 593 1762 legis
629 1712 728 1747 tuae
762 1721 869 1761 quae
903 1706 1165 1761 congruebat
1202 1720 1296 1746 culn
1324 1706 1485 1760 judicio
1518 1711 1702 1755 senatus,
1735 1710 1784 1747 ut
1806 1705 1905 1761 'ipse

291 1788 367 1814 rex
393 1778 518 1823 esset,
544 1787 626 1813 uon
648 1771 913 1826 repudiavit3
955 1772 1068 1826 quod
1092 1771 1390 1812 Pessinuntem
1418 1786 1491 1826 per
1512 1772 1649 1812 scelus
1670 1787 1695 1812 a
1717 1777 1759 1813 te
1781 1771 1907 1812 viola-

292 1843 385 1880 tum
422 1843 466 1880 et
499 1837 720 1878 sacerdote
757 1837 969 1891 sacrisque
1002 1836 1228 1892 spoliatum
1262 1836 1538 1891 recuperavit,
1568 1842 1617 1878 ut
1650 1838 1692 1877 in
1727 1837 1906 1892 pristina

293 1904 493 1958 religione
516 1907 729 1950 servaret3
766 1901 878 1956 quod
901 1901 1177 1942 caerimonias
1198 1902 1251 1942 ab
1274 1901 1387 1942 omni
1410 1906 1625 1943 vetustate
1649 1907 1849 1957 acceptas
1880 1918 1906 1943 a

294 1969 521 2024 Brogitaro
554 1967 680 2022 pollui
712 1982 795 2007 non
827 1966 941 2017 sinit,
965 1967 1208 2021 mavultque
1239 1982 1443 2022 generum
1474 1982 1596 2008 suum
1627 1983 1799 2009 munere
1833 1972 1905 2008 tuo

294 2049 419 2089 quam
456 2033 557 2073 illud
590 2032 730 2072 fanum
767 2031 1022 2086 antiquitate
1053 2032 1266 2088 religionis
1300 2047 1456 2073 carere.
1521 2032 1604 2074 Sed
1638 2038 1685 2074 ut
1717 2034 1770 2074 ad
1801 2033 1905 2074 haec

293 2099 560 2154 haruspicum
590 2112 793 2153 responsa
823 2097 1004 2146 redeam⁷
1028 2112 1080 2138 ex
1113 2097 1263 2152 quibus
1286 2102 1351 2139 est
1382 2098 1562 2153 primum
1592 2099 1642 2140 de
1668 2099 1788 2149 ludis,
1813 2099 1906 2154 quis

295 2170 360 2206 est
382 2164 451 2220 qui
473 2164 514 2204 id
543 2178 627 2204 non
648 2168 788 2205 totum
817 2163 858 2204 in
890 2162 1013 2204 istius
1041 2163 1164 2204 ludos
1184 2163 1451 2218 praedictum
1473 2169 1517 2206 et
1544 2179 1792 2220 responsum
1813 2179 1905 2205 esse

295 2230 508 2271 fateatur?

355 2295 491 2335 XIV.
545 2294 747 2350 Sequitur
794 2294 845 2335 de
891 2294 994 2336 locis
1038 2294 1170 2335 sacris
1216 2294 1435 2349 religiosis.
1517 2296 1553 2338 O
1602 2295 1906 2352 impudentiam

295 2359 470 2400 miram!
508 2360 558 2400 de
585 2374 679 2400 mea
707 2360 831 2400 domo
860 2360 999 2401 dicere
1023 2360 1181 2400 audes?
1242 2359 1474 2402 Committe
1496 2362 1557 2402 vel
1582 2362 1821 2403 consulibus
1841 2361 1906 2402 vel

295 2424 462 2466 senatui
484 2424 547 2465 vel
579 2425 754 2480 collegio
786 2425 1035 2481 pontificum
1066 2430 1198 2466 tuam.
1262 2425 1328 2466 Ac
1356 2441 1449 2467 mea
1481 2427 1649 2481 quidem
1678 2427 1742 2468 his
1770 2427 1906 2469 tribus

296 2570 451 2606 Persians,
483 2568 545 2598 and
575 2568 630 2598 the
662 2568 800 2607 Syrians,
832 2568 873 2608 by
904 2569 1007 2599 whom
1035 2569 1076 2599 he
1120 2579 1147 2599 c.
1164 2570 1217 2599 36.
1265 2569 1449 2609 Brogitarus
1462 2570 1522 2600 had
1540 2570 1662 2610 bought
1674 2571 1735 2600 and
1748 2571 1906 2601 therefore

296 2623 404 2643 means
430 2612 567 2651 perhaps
591 2612 645 2641 the
673 2611 776 2641 Greek
803 2612 895 2650 kings
918 2612 954 2641 of
975 2612 1074 2651 Syria.
1120 2613 1181 2642 had
1198 2616 1231 2642 to
1248 2623 1318 2652 pay.
1368 2613 1448 2642 How
1464 2614 1505 2643 he
1530 2624 1618 2644 came
1634 2619 1666 2644 to
1683 2615 1806 2644 borrow
1822 2614 1903 2644 from

295 2657 365 2687 The
379 2656 525 2691 Galli‚we
536 2665 607 2694 may
618 2664 754 2690 assume,
766 2654 863 2684 found
872 2655 1076 2694 thisworship
1123 2655 1253 2686 Clodius
1276 2666 1322 2685 we
1349 2656 1442 2685 know
1459 2660 1524 2691 not,
1548 2658 1610 2687 and
1635 2658 1660 2688 it
1682 2658 1707 2688 is
1730 2661 1788 2687 not
1803 2658 1904 2687 worth

296 2700 388 2730 when
411 2699 487 2738 they
507 2698 621 2728 settled
647 2698 680 2727 in
701 2698 833 2733 Galatia,
857 2698 919 2727 and
943 2697 1038 2737 being
1060 2708 1078 2727 a
1123 2708 1141 2728 a
1157 2699 1345 2737 conjecture.

295 2743 416 2778 nation,
441 2752 474 2771 as
499 2742 614 2772 Caesar
638 2750 708 2780 says
726 2739 779 2780 (Β.
795 2740 834 2770 G.
851 2740 920 2780 vi.)‚
937 2741 1077 2770 “admo-
1161 2742 1386 2780 praedictum]
1434 2743 1495 2772 We
1519 2743 1598 2773 have
1625 2754 1643 2773 a
1668 2746 1675 2760 ⁶
1690 2743 1903 2784 responsum‚’

296 2786 373 2816 dum
389 2785 495 2815 dedita
521 2783 760 2824 religionibus‚’'
787 2784 862 2822 they
886 2784 1076 2813 maintained
1123 2794 1150 2813 c.
1171 2785 1220 2820 10,
1238 2788 1256 2801 ‘⁴
1273 2785 1379 2814 Ludos
1404 2786 1508 2815 minus
1532 2787 1698 2825 diligenter
1713 2787 1813 2816 factos
1837 2787 1905 2826 pol-

295 2830 350 2859 the
367 2828 564 2858 ceremonial.
612 2827 677 2857 But
689 2826 933 2865 somebodyhad
950 2837 968 2855 a
984 2828 1079 2866 profit
1123 2827 1303 2866 lutosque.’'
1350 2829 1427 2858 This
1452 2833 1458 2845 ‘
1473 2829 1672 2869 praedictio‚’
1698 2840 1768 2869 says
1795 2830 1904 2860 Mark-

295 2872 329 2902 in
344 2873 380 2907 it,
397 2872 445 2901 for
460 2882 478 2901 a
495 2871 700 2911 superstition
716 2870 817 2899 which
836 2869 972 2908 brought
988 2870 1020 2900 in
1037 2880 1079 2899 no
1124 2870 1209 2905 land,
1229 2871 1255 2900 is
1278 2881 1296 2900 a
1319 2872 1494 2910 prediction
1511 2873 1546 2902 of
1565 2873 1672 2912 things
1696 2877 1777 2912 past.
1826 2873 1904 2903 Ges-

296 2916 392 2956 profit
408 2918 440 2944 to
457 2925 518 2954 any
535 2914 618 2954 body
636 2913 740 2944 would
756 2917 813 2943 not
829 2913 890 2942 last
906 2912 991 2951 long.
1124 2923 1180 2943 ner
1192 2914 1305 2953 replies
1317 2925 1350 2944 as
1361 2916 1460 2945 usual.
1508 2916 1573 2946 But
1585 2926 1627 2946 no
1637 2916 1772 2946 talk'can
1785 2916 1906 2955 change

339 2958 574 2998 synqraplzam]
625 2957 683 2987 See
709 2956 781 2987 Vol.
809 2956 836 2987 I.
864 2956 955 2986 Verr.
983 2956 1016 2986 ii.
1052 2957 1078 2986 l.
1124 2966 1282 2988 nonsense
1298 2958 1365 2988 into
1381 2969 1483 2989 sense.
