2002 3235
790 172 923 214 OAP.
955 174 1080 214 3—5.
1650 179 1732 219 355

134 287 245 342 quod
271 301 316 328 se
344 286 386 327 in
415 290 565 328 senatu
586 289 681 328 tuto
703 300 786 326 non
808 300 899 327 esse
918 286 1247 336 arbitrabantur,
1272 286 1733 329 discesserunt—Non

130 352 401 407 reprehendo,
439 365 517 392 nec
550 365 715 406 quaero,
753 350 934 392 fueritne
970 351 1125 407 aliquid
1151 350 1556 406 pertimescendum.
1619 351 1733 393 Puto

131 431 208 458 suo
239 431 444 471 quemque
467 416 676 457 arbitratu
709 416 857 457 timere
890 422 1100 472 oportere.
1164 416 1248 457 Cur
1282 431 1362 470 ego
1398 431 1487 457 non
1523 416 1734 458 timuerim

131 482 324 537 quaeris?
364 481 461 537 quia
496 485 538 521 te
573 481 683 522 illinc
715 481 866 522 abiisse
907 482 1144 523 constabat.
1226 482 1323 532 Gur,
1359 497 1490 537 quum
1527 482 1602 522 viri
1635 483 1733 523 boni

130 547 313 588 nonnulli
344 547 531 602 putarint
552 551 646 588 tuto
668 562 712 588 se
740 546 782 587 in
806 553 956 588 senatu
987 562 1078 588 esse
1114 562 1198 588 non
1228 562 1362 602 posse,
1387 561 1467 602 ego
1509 561 1592 587 non
1623 547 1733 588 idem

130 614 357 655 senserim?
418 612 514 662 Cur,
549 627 676 668 quum
701 628 780 668 ego
813 628 879 654 me
907 613 1129 654 sensissem
1161 617 1255 653 tuto
1283 612 1453 653 omnino
1490 612 1533 652 in
1562 612 1731 653 civitate

130 693 220 719 esse
241 694 324 720 non
351 693 486 734 posse,
510 678 566 718 illi
587 679 838 719 senserunt?
899 678 971 718 An
1001 678 1060 719 eis
1096 678 1196 719 licet
1228 683 1271 719 et
1301 682 1418 719 recte
1454 677 1554 719 licet
1576 677 1617 717 in
1640 692 1731 718 meo

128 749 245 784 metu
276 744 354 785 sibi
385 744 486 784 nihil
516 743 693 792 timere3
728 742 828 783 mihi
856 743 926 783 uni
954 757 1123 784 necesse
1145 742 1226 784 erit
1254 747 1298 784 et
1330 757 1468 784 meam
1493 747 1536 784 et
1556 741 1733 783 aliorum

128 808 259 849 vicem
281 809 607 864 pertimescere?

187 874 259 914 An
281 874 377 929 quia
404 889 487 914 non
523 873 794 914 condemnavi
826 872 1037 915 sententia
1068 888 1160 914 mea
1197 874 1279 914 duo
1314 873 1508 914 consules
1545 888 1636 914 sum
1669 887 1732 913 re-

127 939 474 993 prehendendus?
536 938 623 979 Eos
644 938 774 994 igitur
795 953 874 994 ego
890 938 1155 993 potissimum
1172 939 1370 979 damnare
1391 938 1531 988 debui,
1555 952 1733 993 quorum

127 1003 220 1058 lege
251 1003 482 1059 perfectum
504 1009 568 1044 est
589 1018 640 1044 ne
668 1018 746 1058 ego
779 1003 1046 1044 indemnatus
1076 1009 1204 1058 atque
1225 1003 1385 1058 optime
1419 1003 1471 1044 de
1493 1018 1538 1044 re
1565 1003 1733 1058 publica

126 1069 304 1110 meritus
334 1069 626 1109 damnatorum
656 1083 834 1123 poenam
866 1069 1147 1109 sustinerem?
1209 1068 1398 1120 Quorum
1422 1068 1552 1109 etiam
1576 1068 1732 1109 delicta

126 1138 298 1190 propter
320 1149 463 1175 eorum
486 1133 698 1189 egregiam
725 1133 767 1174 in
794 1149 860 1175 me
887 1134 1172 1175 conservando
1195 1134 1457 1174 voluntatem
1490 1148 1571 1174 non
1607 1134 1731 1174 modo

128 1214 204 1250 me,
241 1199 314 1240 sed
345 1214 489 1240 01111163
520 1200 651 1240 bonos
685 1199 793 1240 ferre
825 1204 1054 1254 oporteret,
1089 1214 1232 1240 eorum
1267 1199 1476 1254 optimum
1511 1199 1732 1240 consilium

128 1279 205 1319 ego
228 1264 503 1319 potissimum,
527 1279 601 1319 per
633 1278 705 1305 eos
729 1264 770 1304 in
791 1279 927 1305 meam
951 1264 1172 1318 pristinam
1199 1264 1452 1318 dignitatem
1489 1264 1727 1313 restitutus,

127 1344 220 1371 meo
255 1329 426 1371 consilio
467 1329 753 1384 repudiarem?
814 1329 879 1370 At
911 1343 1036 1384 quam
1067 1328 1323 1370 sententiam
1362 1328 1478 1369 dixi?
1541 1328 1731 1368 Primum

127 1409 219 1435 eam
260 1410 386 1450 quam
418 1395 558 1450 populi
591 1409 728 1435 sermo
768 1394 809 1434 in
849 1394 998 1434 animis
1039 1394 1194 1435 nostris
1222 1394 1312 1448 jam
1348 1398 1446 1435 ante
1491 1394 1725 1443 defixerat,

127 1460 277 1501 deinde
299 1475 390 1500 eam
411 1475 517 1515 quae
538 1465 630 1501 erat
651 1459 931 1514 superioribus
952 1459 1096 1500 diebus
1109 1459 1273 1514 agitata
1295 1459 1336 1499 in
1359 1464 1511 1500 senatu
1532 1477 1542 1508 ;
1578 1460 1729 1500 deinde

127 1540 219 1566 eam
247 1540 371 1580 quam
393 1530 564 1567 senatus
597 1525 790 1579 frequens
820 1529 911 1565 tum
933 1540 1060 1580 quum
1092 1525 1193 1565 mihi
1225 1530 1291 1566 est
1328 1539 1525 1566 assensus
1558 1531 1729 1567 secutus

127 1596 218 1638 est;
253 1596 300 1632 ut
320 1605 454 1646 neque
483 1591 610 1631 allata
631 1590 686 1630 sit
707 1604 732 1630 a
752 1604 818 1630 me
845 1604 911 1630 res
941 1590 1154 1644 inopinata
1179 1604 1228 1630 ac
1250 1605 1411 1640 recens,
1437 1605 1528 1640 nec,
1558 1591 1593 1631 si
1616 1591 1728 1645 quod

127 1656 169 1696 in
200 1656 408 1697 sententia
439 1655 585 1696 vitium
610 1659 688 1703 est,
725 1654 859 1708 magis
887 1654 942 1696 sit
974 1655 1065 1708 ejus
1096 1654 1165 1709 qui
1197 1654 1350 1695 dixerit
1381 1670 1508 1709 quam
1543 1655 1728 1695 omnium

127 1721 195 1777 qui
217 1720 574 1775 probarint.—At
593 1720 702 1760 enim
733 1720 908 1760 liberum
929 1725 1102 1761 senatus
1124 1719 1330 1774 judicium
1362 1726 1534 1775 propter
1568 1726 1728 1762 metum

125 1801 210 1828 non
248 1786 450 1828 fuit—Si
490 1785 680 1827 timuisse
715 1800 786 1826 eos
821 1785 925 1826 facis
965 1784 1035 1841 qui
1076 1785 1374 1836 discesserunt,
1420 1786 1603 1826 concede
1645 1801 1727 1826 non

126 1852 314 1893 timuisse
345 1867 417 1892 eos
449 1851 519 1907 qui
550 1855 857 1892 remanserunt.
921 1850 994 1892 Sin
1024 1855 1168 1891 autem
1192 1851 1281 1891 sine
1309 1851 1372 1901 iis,
1407 1851 1478 1906 qui
1516 1856 1607 1892 tum
1639 1851 1726 1892 afu-

126 1922 262 1968 erunt,
284 1917 385 1957 nihil
416 1917 581 1958 decerni
612 1917 739 1957 libere
769 1916 920 1971 potuit,
945 1931 1074 1971 quum
1106 1931 1251 1957 omnes
1283 1917 1497 1965 adessent,
1531 1920 1728 1970 coeptum

127 1987 193 2023 est
227 1981 372 2022 referri
402 1982 452 2022 de
488 1982 723 2022 inducendo
754 1981 1143 2023 senatusconsulto:
1178 1982 1230 2021 ab
1266 1981 1459 2021 universo
1488 1985 1636 2022 senatu
1664 1995 1727 2021 re-

127 2047 352 2088 clamatum
374 2051 452 2087 est.
514 2046 569 2086 V.
604 2046 687 2086 Sed
708 2061 864 2101 quaero
887 2046 928 2086 in
953 2046 1044 2101 ipsa
1065 2045 1290 2095 sententia,
1315 2046 1514 2101 quoniam
1535 2045 1727 2101 princeps

126 2127 204 2168 ego
238 2127 329 2152 sum
361 2112 452 2166 ejus
487 2115 613 2165 atque
645 2116 812 2161 auctor,
842 2111 941 2166 quid
972 2111 1318 2166 reprehendatur.
1383 2111 1542 2152 Utrum
1577 2125 1727 2152 caussa

169 2249 220 2278 illi
248 2250 415 2278 senserunt
427 2247 458 2286 .7]
497 2247 536 2277 G.
564 2247 612 2277 M.
641 2247 680 2277 V.
726 2247 818 2277 Wolf
845 2247 901 2277 has

126 2292 180 2322 the
209 2291 339 2330 reading
371 2291 463 2320 ‘illuc
493 2300 556 2319 non
595 2289 695 2326 irem,'
729 2290 830 2319 which
861 2290 901 2319 he

127 2335 217 2365 could
234 2338 289 2364 not
306 2334 497 2363 understand
512 2346 519 2370 ;
543 2333 604 2362 and
621 2343 661 2362 no
678 2333 814 2362 wonder.
850 2332 901 2362 He

126 2377 284 2417 preferred
309 2377 373 2406 ‘illi
398 2387 462 2406 non
488 2376 586 2412 ite1n,⁷
613 2376 715 2406 which
735 2376 900 2406 Manutius

127 2421 223 2450 found
240 2421 271 2450 in
288 2431 327 2450 an
343 2420 469 2450 ancient
484 2419 556 2449 MS.
574 2419 609 2449 of
623 2419 790 2458 Bargaeus.
837 2419 901 2448 But

126 2473 197 2493 now
210 2474 256 2493 we
268 2464 346 2492 have
357 2463 491 2492 another
507 2462 635 2502 reading
651 2462 731 2492 from
750 2462 788 2492 G.
800 2462 848 2491 M.
860 2462 899 2491 V.

169 2516 231 2536 ‘non
248 2506 468 2545 condemnavi]
501 2508 520 2522 “
536 2506 607 2535 Scil.
625 2505 756 2535 dicenda
772 2508 897 2534 senten-

126 2549 180 2583 tia,
212 2559 291 2587 quae
320 2549 460 2588 ipsorum
491 2549 654 2578 consulum
685 2548 822 2578 consiliis
851 2557 901 2577 re-

128 2591 305 2630 sponderet.
367 2592 437 2621 Hoc
470 2592 580 2621 saltem
610 2592 743 2630 intelligi
773 2593 898 2631 potest:

127 2634 187 2663 etsi
216 2634 260 2663 rei
290 2643 400 2672 parum
439 2635 672 2664 accommodata
702 2638 777 2664 sunt
807 2633 902 2663 verba

128 2677 338 2706 condemnare
360 2680 392 2706 et
412 2677 574 2707 damnare.
607 2678 780 2707 oNimirum
796 2681 901 2706 orator

126 2719 305 2749 antitheton
329 2719 486 2749 minatur:
510 2729 548 2749 ne
574 2730 629 2759 eqo
657 2721 899 2750 indemnatus—

128 2762 353 2791 damnalorum
374 2771 511 2800 poenam
535 2765 733 2793 sustinerem.
780 2763 899 2792 Eadem

127 2807 291 2834 venustate
307 2804 430 2843 scripsit
445 2805 575 2835 deinde:
594 2809 601 2822 ‘
613 2815 721 2836 eorum
735 2806 899 2836 consilium

127 2856 186 2885 ego
210 2847 338 2876 consilio
359 2847 553 2886 repudiarem
575 2858 645 2878 meo
659 2848 666 2861 ’
681 2848 700 2861 ”
719 2849 901 2889 (Wolf).—

127 2889 196 2919 The
217 2889 341 2919 consuls
363 2892 510 2929 ‘quorum
527 2890 609 2929 lege'
626 2891 666 2920 he
680 2902 743 2922 was
758 2891 900 2922 restored

945 2257 1026 2277 were
1042 2247 1197 2276 Lentulus
1213 2247 1275 2276 and
1292 2246 1454 2276 Metellus.

990 2299 1083 2328 quam
1109 2290 1224 2328 populi
1250 2290 1369 2329 sermo]
1420 2290 1458 2319 In
1482 2289 1530 2320 his
1552 2290 1667 2330 speech
1683 2301 1726 2320 on

945 2332 999 2362 the
1016 2335 1023 2348 ¹
1037 2342 1163 2362 annona
1177 2332 1184 2345 ’
1200 2332 1240 2361 he
1256 2333 1329 2371 only
1346 2332 1410 2362 said
1428 2333 1512 2362 what
1534 2333 1589 2363 the
1613 2334 1725 2373 people

946 2375 1073 2405 wished.
1121 2374 1230 2405 Cicero
1256 2374 1322 2415 (Ad
1347 2376 1414 2405 Att.
1440 2376 1480 2406 iv.
1501 2375 1554 2412 1):
1589 2379 1609 2393 ‘⁶
1625 2387 1724 2417 quum

945 2428 1001 2457 per
1017 2428 1070 2448 eos
1086 2418 1152 2447 dies
1168 2422 1294 2448 senatus
1311 2418 1350 2448 de
1366 2429 1492 2448 annona
1507 2419 1676 2449 haberetur
1693 2423 1725 2449 et

945 2461 984 2490 ad
1008 2462 1076 2499 ejus
1097 2462 1348 2500 procurationem
1374 2471 1518 2492 sermone
1539 2473 1603 2492 non
1620 2461 1722 2491 solum

946 2504 1055 2544 plebis,
1087 2513 1195 2533 verum
1235 2504 1329 2533 etiam
1363 2504 1520 2534 bonorum
1553 2505 1722 2544 Pompeius

945 2551 1108 2577 vocaretur
1124 2546 1218 2586 idque
1241 2547 1308 2586 ipse
1331 2552 1468 2586 cuperet,
1490 2548 1723 2586 multitudoque

945 2601 964 2620 a
987 2600 1038 2620 me
1063 2590 1251 2619 nominatim
1273 2593 1309 2619 ut
1334 2590 1365 2618 id
1386 2590 1583 2620 decernerem
1612 2594 1721 2629 postu-

945 2634 1033 2667 laret,
1048 2633 1118 2670 feci,
1130 2636 1162 2663 et
1177 2636 1320 2662 accurate
1333 2634 1522 2662 sententiam
1536 2633 1610 2667 dixi.
1623 2643 1721 2672 quum

946 2676 1091 2706 abessent
1115 2676 1303 2709 consulares,
1321 2675 1405 2714 quod
1429 2679 1499 2705 tuto
1522 2686 1554 2705 se
1571 2677 1722 2714 negarent

946 2730 1037 2759 posse
1058 2719 1245 2749 sententiam
1270 2719 1381 2754 dicere,
1408 2722 1530 2757 praeter
1551 2718 1720 2747 Messalam

944 2767 975 2793 et
992 2761 1245 2792 Afranium.’'—‘
1257 2762 1368 2791 animis
1385 2761 1523 2796 nostris,'
1544 2761 1577 2790 P.
1596 2761 1634 2791 G.
1651 2760 1720 2796 M.;

945 2809 952 2822 ⁴
964 2806 1076 2836 animis
1103 2805 1236 2840 vestris‚'
1254 2805 1348 2834 V.—‘
1362 2804 1474 2833 deinde
1495 2814 1564 2833 eam
1592 2813 1686 2843 quam
1701 2802 1720 2832 :’

945 2852 953 2866 ‘
965 2849 1100 2888 denique
1115 2859 1184 2878 eam
1201 2846 1318 2887 quam,’
1338 2847 1444 2883 Halm,
1463 2846 1580 2876 Baiter.

862 2936 985 2974 Aa2
