2063 3242
300 168 382 210 268
603 165 782 208 ORAT.
816 163 934 206 PRO
969 163 1018 205 L.
1042 160 1322 205 VALERIO
1358 159 1597 203 FLACCO

298 280 494 337 augeret]
528 280 603 321 sed
635 283 684 320 ut
719 280 934 321 obsessam
969 282 1147 319 teneret.
1209 278 1491 330 Quamobrem
1523 290 1679 331 quaeso
1711 289 1737 315 a
1768 274 1898 325 vobis,

299 346 480 388 Asiatici
512 350 656 395 testes,
681 350 740 395 ut,
766 358 893 399 quum
924 358 1020 384 vere
1052 342 1262 383 recordari
1293 342 1452 391 voletis,
1487 346 1690 396 quantum
1720 340 1902 381 auctori-

297 412 402 453 tatis
424 412 466 451 in
486 410 692 465 judicium
723 408 922 457 afferatis,
946 407 1190 462 vosmetipsi
1222 407 1470 448 describatis
1497 406 1670 453 Asiam3
1704 420 1780 446 nec
1803 405 1902 460 quid

297 477 555 532 alienigenae
587 476 638 515 de
660 474 777 515 vobis
807 473 918 528 loqui
950 472 1123 521 soleant,
1159 473 1232 512 sed
1264 473 1364 527 quid
1395 471 1635 525 vosmetipsi
1666 472 1717 511 de
1748 485 1901 524 genere

297 547 437 583 vestro
460 540 660 582 statuatis
681 537 967 579 memineritis.
1030 537 1235 591 Namque,
1260 542 1306 577 ut
1332 537 1490 591 opinor,
1518 535 1624 576 Asia
1640 541 1780 575 vestra
1801 549 1900 575 con-

297 612 384 649 stat
415 623 467 648 ex
500 605 697 660 Phrygia,
726 604 877 659 Mysia,
904 603 1038 652 Caria,
1065 603 1213 657 Lydia.
1276 601 1437 643 Utrum
1471 602 1600 657 igitur
1622 605 1814 641 nostrum
1837 605 1902 641 est

296 688 350 714 an
371 677 557 713 vestrum
588 671 665 711 hoc
696 669 973 724 proverbium,
1000 668 1213 722 Phrygem
1243 667 1376 722 plagis
1398 666 1487 707 fieri
1509 666 1642 707 solere
1664 666 1902 706 meliorem?

300 738 411 790 Quid
444 738 494 778 de
527 741 620 777 tota
655 734 790 783 Caria,
820 749 957 774 nonne
985 733 1066 774 hoc
1100 738 1241 774 vestra
1267 747 1368 773 voce
1397 732 1614 785 vulgatum
1643 735 1721 780 est,
1745 731 1901 786 siquid

297 818 392 844 cum
413 802 595 856 periculo
618 800 798 855 experiri
819 799 931 849 velis,
965 798 1006 838 in
1030 797 1135 839 Care
1157 798 1198 838 id
1220 797 1483 852 potissimum
1515 811 1607 838 esse
1638 796 1902 837 faciendum?

300 868 410 922 Quid
445 882 568 923 porro
599 866 640 906 in
674 866 837 906 Graeco
869 879 1061 905 sermone
1092 868 1179 905 tam
1211 863 1359 904 tritum
1390 867 1518 917 atque
1547 861 1806 902 celebratum
1834 865 1901 901 est

299 948 434 989 quam,
458 933 491 973 si
513 932 605 987 quis
628 930 861 986 despicatui
884 929 1063 979 ducitur,
1087 933 1136 970 ut
1160 929 1380 983 Mysorum
1402 927 1575 968 ultimus
1597 941 1688 967 esse
1711 926 1902 966 dicatur?

300 999 411 1040 Nam
433 998 531 1053 qnid
553 1012 630 1052 ego
653 997 789 1037 dicam
811 996 862 1035 de
887 994 1046 1048 Lydia?
1090 993 1192 1046 Quis
1214 1007 1410 1048 umquam
1433 992 1624 1032 Graecus
1646 991 1902 1032 comoediam

298 1063 481 1119 scripsit,
507 1063 547 1103 in
567 1078 651 1117 qua
671 1076 815 1102 servus
838 1060 1063 1115 primarum
1085 1059 1267 1113 partium
1288 1073 1370 1098 non
1391 1057 1534 1110 Lydus
1550 1058 1689 1097 esset?
1749 1056 1901 1108 Quam-

299 1130 444 1170 obrem
466 1143 572 1182 quae
593 1127 711 1168 vobis
727 1127 777 1167 fit
798 1125 961 1180 injuria,
987 1124 1021 1164 si
1043 1124 1267 1165 statuimus
1287 1128 1426 1164 vestro
1457 1122 1577 1162 nobis
1605 1121 1765 1176 judicio
1788 1126 1902 1161 stan-

300 1195 399 1234 dum
440 1208 531 1234 esse
565 1193 616 1233 de
652 1192 796 1232 vobis?
858 1190 1065 1245 Equidem
1098 1189 1199 1229 mihi
1231 1189 1320 1242 jam
1355 1188 1459 1228 satis
1499 1201 1706 1242 superque
1748 1186 1901 1226 dixisse

298 1260 442 1300 videor
464 1259 515 1298 de
539 1257 730 1298 Asiatico
752 1271 903 1311 genere
925 1255 1124 1296 testium:
1159 1255 1233 1295 sed
1255 1259 1396 1294 tamen
1419 1259 1603 1294 vestrum
1626 1258 1704 1303 est,
1725 1253 1900 1307 judices,

299 1324 438 1365 omnia
479 1336 584 1377 qnae
626 1321 709 1362 dici
750 1326 928 1376 possunt
970 1321 1011 1360 in
1047 1319 1262 1360 hominum
1296 1318 1521 1367 levitatem,
1561 1317 1900 1367 inconstantiam,

299 1389 585 1444 cupiditatem,
610 1386 775 1427 etiamsi
796 1401 821 1427 a
842 1400 908 1427 me
936 1385 1073 1426 minus
1099 1384 1308 1435 dicuntur,
1333 1383 1486 1425 vestris
1508 1383 1658 1424 animis
1679 1388 1723 1424 et
1745 1383 1903 1438 cogita-

298 1455 418 1495 tione'
437 1452 804 1507 comprehendere.

359 1518 599 1560 XXVIII.
634 1516 833 1572 Sequitur
854 1516 944 1557 auri
966 1516 1033 1557 illa
1055 1515 1211 1556 invidia
1234 1515 1418 1555 Judaici.
1473 1514 1570 1555 Hoc
1587 1513 1783 1554 nimirum
1803 1513 1903 1554 illud

299 1589 377 1636 est,
403 1584 513 1639 quod
543 1598 627 1624 non
658 1583 781 1638 longe
802 1597 827 1623 a
848 1582 1050 1637 gradibus
1074 1581 1258 1622 Aureliis
1290 1581 1394 1621 haec
1428 1594 1577 1621 caussa
1606 1580 1772 1620 dicitur.
1837 1579 1903 1620 Ob

300 1651 379 1691 hoc
412 1649 566 1690 crimen
600 1648 667 1688 hic
699 1648 815 1688 locus
845 1649 920 1689 abs
951 1652 1006 1698 te,
1033 1647 1162 1697 Laeli,
1193 1651 1320 1701 atque
1350 1646 1420 1686 illa
1451 1645 1575 1686 turba
1606 1644 1793 1699 quaesita
1824 1650 1901 1686 est.

303 1716 396 1757 Scis
417 1719 575 1770 quanta
605 1714 661 1754 sit
692 1728 852 1763 manus,
884 1718 1041 1768 quanta
1072 1711 1307 1760 concordia,
1342 1715 1545 1765 quantum
1566 1711 1705 1751 valeat
1735 1710 1777 1749 in
1808 1724 1904 1750 con-

300 1781 496 1823 tionibus.
551 1778 783 1819 Summissa
804 1793 903 1819 voce
924 1793 1060 1833 agam,
1085 1782 1251 1817 tantum
1273 1781 1321 1816 nt
1337 1776 1503 1829 judices
1524 1775 1711 1816 audiant.
1758 1774 1904 1830 Neque

302 1846 411 1887 enim
443 1846 594 1885 desunt
617 1844 686 1899 qui
718 1844 822 1884 istos
854 1843 895 1883 in
925 1857 990 1883 me
1023 1847 1151 1897 atque
1180 1842 1221 1881 in
1244 1841 1447 1896 optimum
1468 1855 1673 1896 quemque
1694 1840 1898 1888 incitent;

302 1926 407 1966 quos
434 1925 512 1965 ego
546 1925 627 1964 quo
659 1909 700 1948 id
731 1908 892 1949 facilius
922 1907 1079 1948 faciant
1107 1922 1189 1947 non
1211 1906 1433 1960 adjuvabo.
1497 1907 1634 1958 Quum
1657 1921 1803 1946 aurum
1825 1906 1903 1946 Ju-

303 1978 502 2017 daeorum
542 1974 708 2015 nomine
750 1973 975 2029 quotannis
1016 1988 1068 2014 ex
1111 1971 1238 2013 Italia
1279 1976 1322 2012 et
1363 1986 1414 2012 ex
1451 1971 1645 2012 omnibus
1680 1971 1903 2027 provinciis

1124 2125 1268 2165 Mysians
1281 2135 1361 2155 were
1372 2124 1527 2164 despised.
1558 2124 1627 2155 The
1644 2123 1774 2163 proverb
1791 2124 1816 2153 is
1830 2126 1863 2153 M
1868 2135 1902 2154 υ-

1127 2171 1195 2199 σῶν
1210 2168 1376 2208 ἔσχατοςε
1402 2169 1463 2198 and
1480 2169 1568 2198 there
1583 2169 1609 2197 is
1628 2170 1756 2197 Μυσῶν
1773 2167 1855 2197 λεία.

1170 2212 1256 2241 Nam
1274 2211 1366 2250 quid]
1415 2211 1486 2241 One
1502 2211 1537 2240 of
1550 2210 1687 2241 Cieero’s
1700 2210 1790 2240 usual
1801 2214 1902 2239 turns.

351 2129 456 2168 [illam
472 2128 619 2167 anyeret]
637 2128 650 2167 ]
700 2130 707 2144 ‘
723 2127 862 2158 Coloniis
881 2126 982 2166 [illam
1004 2136 1079 2165 gen-

303 2172 399 2210 tem],
424 2172 478 2201 sed
502 2171 558 2207 ut,’
586 2171 699 2201 Baiter.
747 2171 778 2200 S.
801 2171 839 2200 A.
868 2171 947 2200 have
973 2170 1078 2199 ‘illam

304 2214 460 2254 gentemz‘
512 2215 616 2244 ‘illam
655 2212 839 2252 generaret‚’
871 2213 931 2243 T.:
972 2213 1080 2242 ‘illam

303 2258 452 2296 augeret‚’
469 2258 503 2286 F.
549 2257 617 2286 The
633 2257 761 2295 reading
776 2257 803 2285 is
819 2256 976 2285 doubtful.

348 2301 427 2330 Asia
450 2300 570 2338 vestra]
621 2300 729 2328 ‘Your
753 2300 849 2335 Asia‚’
874 2299 929 2329 the
956 2300 1079 2328 Roman

303 2343 463 2383 province.
521 2342 579 2372 See
604 2342 675 2371 Vol.
704 2343 750 2371 II.
782 2343 860 2372 THE
894 2342 1077 2372 Pssovmcn

304 2386 405 2416 AslA.

348 2430 512 2467 Pltryyem
532 2428 656 2465 playis]
703 2427 781 2456 This
805 2427 831 2457 is
858 2427 913 2456 the
935 2427 1079 2466 proverb,

306 2471 444 2512 (Suidas,
464 2470 568 2509 Φρύξ)
586 2470 673 2508 Φρὺξ
690 2468 776 2508 ἀνὴρ
790 2470 932 2509 πληγεὶς
944 2468 1082 2508 ἄμεινον

306 2515 357 2545 καὶ
386 2512 645 2552 διακυνὲστερος,
668 2513 769 2541 which
797 2513 994 2542 Camerarius
1022 2512 1078 2541 has

304 2558 374 2587 well
390 2556 560 2586 translated
573 2567 578 2584 :

359 2617 495 2656 “Phryx
528 2616 563 2644 fit
593 2614 696 2643 omnis
733 2614 807 2643 loris
838 2624 945 2644 caesus
976 2614 1086 2643 melior

479 2662 575 2698 atque
591 2656 800 2697 p1·‹)1npti0r.'’

348 2729 417 2759 The
443 2725 576 2767 proverb
605 2725 656 2754 ‘in
675 2718 782 2753 ¹Care'
807 2734 914 2753 means
942 2724 1010 2752 that
1029 2723 1082 2752 the

306 2773 367 2802 Car
383 2773 408 2801 is
424 2769 523 2800 worth
547 2768 638 2803 little,
655 2767 716 2797 and
739 2767 765 2796 if
784 2777 845 2806 you
870 2767 948 2795 have
971 2776 1009 2795 an
1027 2776 1080 2794 ex-

304 2816 461 2855 perimcnt
476 2816 508 2842 to
525 2815 585 2851 try,
600 2811 639 2840 he
654 2811 680 2840 is
696 2811 750 2840 the
767 2820 839 2839 inan
853 2813 885 2838 to
900 2820 966 2838 use.
1012 2809 1081 2838 The

305 2858 436 2888 Carians
457 2856 543 2886 often
561 2853 669 2883 served
693 2863 726 2882 as
750 2852 966 2882 mercenarios.
1012 2851 1080 2880 The.

307 2900 411 2931 Greek
427 2898 559 2939 proverb
583 2897 608 2927 is
633 2896 668 2927 ἐν
690 2896 774 2936 Καρὶ
798 2894 966 2926 κίνδυνον.
1012 2894 1080 2924 The

1125 2254 1177 2284 He
1189 2255 1256 2293 just
1280 2254 1438 2284 mentions
1462 2254 1516 2283 the
1540 2254 1640 2292 thing,
1658 2257 1716 2283 not
1738 2253 1904 2291 intending

1124 2301 1157 2327 to
1185 2297 1274 2326 dwell
1301 2307 1342 2326 on
1365 2297 1399 2326 it.
1453 2300 1460 2313 ‘
1476 2296 1603 2336 Lydus'
1629 2307 1647 2326 a
1670 2297 1753 2325 slave
1774 2296 1862 2334 plays
1886 2306 1904 2324 a

1124 2340 1209 2369 chief
1222 2342 1301 2379 part,
1319 2349 1389 2378 says
1407 2339 1527 2373 Cicero,
1551 2340 1583 2368 in
1600 2339 1654 2368 the
1679 2339 1781 2368 Greek
1798 2348 1901 2367 come-

1124 2383 1199 2417 dies,
1218 2383 1352 2421 perhaps
1379 2382 1470 2411 those
1486 2382 1521 2411 of
1538 2381 1724 2416 Menander,
1743 2381 1903 2420 Diphilus,

1125 2425 1187 2455 and
1206 2425 1433 2454 Philemon.—‘
1446 2428 1548 2453 vestro
1573 2423 1664 2453 nobis
1684 2424 1801 2462 judicio
1819 2428 1904 2453 stan-

1127 2468 1201 2497 dum
1222 2478 1289 2497 esse
1304 2467 1322 2496 ε’
1348 2477 1399 2496 see
1425 2467 1485 2496 Pro
1511 2467 1607 2503 Sulla,
1625 2477 1651 2496 e.
1670 2468 1687 2502 7
1703 2479 1709 2496 :
1736 2470 1755 2483 ‘⁴
1770 2477 1833 2496 non
1849 2477 1905 2496 sno

1123 2515 1206 2540 stare
1219 2509 1373 2548 jndicio.’'

1166 2555 1217 2583 28.
1241 2553 1396 2591 (sradibus
1425 2552 1586 2590 Aureliis]
1646 2552 1684 2581 In
1707 2553 1762 2581 the
1791 2552 1905 2582 Forum

1132 2596 1310 2625 Romanum
1329 2594 1404 2634 (Pro
1422 2595 1579 2629 Cluentio,
1598 2605 1623 2624 c.
1635 2595 1702 2633 34).
1751 2596 1836 2625 Here
1852 2595 1906 2624 the.

1129 2638 1236 2667 rabble
1260 2638 1427 2667 collected:
1464 2638 1538 2667 here
1561 2638 1615 2667 the
1642 2638 1725 2667 Jews
1752 2648 1832 2667 were
1856 2648 1905 2667 as-

1127 2681 1277 2710 sembled.
1324 2680 1426 2709 These
1443 2691 1514 2709 men
1526 2681 1612 2710 often
1629 2680 1788 2710 (listurbed
1804 2681 1906 2710 Rome

1128 2723 1168 2762 by
1194 2723 1275 2752 their
1298 2724 1441 2752 tnmnlts.
1499 2724 1567 2752 The
1591 2723 1674 2753 Jews
1702 2734 1782 2753 were
1812 2733 1905 2762 every

1126 2766 1228 2795 where
1245 2766 1319 2795 tlwn
1337 2776 1370 2794 ns
1387 2766 1459 2805 they
1476 2776 1528 2795 are
1544 2776 1625 2795 now.

1169 2819 1284 2837 aarum
1317 2809 1533 2847 chdavormn]
1582 2809 1652 2838 The
1682 2808 1777 2844 Jews,
1816 2809 1841 2838 it
1878 2808 1904 2837 is

1126 2851 1201 2887 said,
1218 2851 1295 2880 used
1312 2854 1344 2880 to
1368 2851 1444 2881 send
1461 2852 1534 2890 gold
1550 2855 1605 2881 out
1626 2851 1660 2880 of
1674 2852 1757 2890 Italy
1772 2851 1833 2881 and
1850 2851 1905 2880 the

1125 2894 1288 2933 provinces
1317 2898 1350 2924 to
1380 2894 1556 2925 Jerusalem
1592 2904 1626 2924 as
1653 2904 1671 2924 a
1697 2894 1755 2933 gift
1785 2897 1818 2924 to
1847 2894 1904 2923 the
