2002 3235
729 190 862 232 GAP.
897 191 963 241 14,
990 191 1055 231 15.
1612 195 1693 235 325

87 305 378 348 adolescent-es
398 304 484 355 filii,
508 319 591 345 non
623 303 954 360 propinquorum
981 302 1206 344 multitudo
1226 303 1429 358 populum
1456 304 1695 347 Romanum

88 377 155 412 est
177 372 434 426 deprecata;
468 385 566 417 non,
597 375 646 411 ut
676 385 752 425 pro
786 369 836 421 Q.
862 369 1053 419 Met-ello,
1089 383 1251 409 summo
1275 373 1319 409 et
1340 368 1571 410 clarissimo
1593 371 1691 421 viro,

87 441 283 491 spectata
301 436 390 490 jam
421 435 708 476 adolescentia
735 435 873 481 filius;
909 449 991 475 non
1017 433 1063 474 L.
1088 440 1131 475 et
1164 433 1210 475 C.
1238 433 1415 482 Metelli,
1439 435 1692 485 consulares,

86 515 169 541 non
205 515 349 541 eorum
380 500 514 550 liberi,
550 515 630 540 non
672 499 721 551 Q.
758 499 958 540 Metellus
997 499 1152 554 Nepos,
1189 499 1258 554 qui
1293 505 1385 540 tum
1428 499 1695 541 consulatum

85 566 272 620 petebat,
295 580 378 605 non
409 565 583 613 Luculli,
609 564 784 615 Servilii,
812 564 1040 619 Scipiones,
1068 564 1341 605 Metellarum
1361 563 1447 610 filii,
1471 564 1622 605 flentes
1643 579 1693 605 ac

86 631 292 672 sordidati
323 631 476 686 populo
508 631 700 672 Romano
733 631 1103 686 supplicaverunt:
1139 630 1214 671 sed
1247 644 1354 670 unus
1379 630 1526 679 frater,
1550 631 1619 685 qui
1649 631 1692 672 in

84 710 151 736 me
179 696 337 751 pietate
358 696 479 744 filius,
503 696 685 737 consiliis
707 710 870 751 parens,
894 710 1036 736 amore
1057 699 1105 736 ut
1127 702 1218 736 erat
1239 695 1371 735 frater
1393 694 1589 736 invent-us
1611 702 1689 746 est,

85 761 277 816 squalore
305 766 348 802 et
369 761 551 802 lacrimis
573 767 615 802 et
637 761 894 816 quotidianis
915 761 1110 815 precibus
1132 760 1385 801 desiderium
1406 760 1486 801 mei
1509 760 1691 802 nominis

83 827 275 867 renovari
301 832 344 867 et
364 841 503 867 rerum
522 831 739 881 gestarum
759 826 1001 866 memoriam
1029 825 1220 883 usurpari
1243 826 1396 880 coegit.
1462 826 1543 878 Qui
1566 840 1693 881 quum

83 891 319 942 statuisset,
352 891 430 931 nisi
462 906 536 946 per
556 906 629 932 vos
659 906 726 932 me
761 896 1067 945 recuperasset,
1100 891 1276 931 eandem
1307 890 1448 931 subire
1479 891 1693 932 fortunam

82 961 210 1012 atque
236 956 347 997 idem
382 956 460 996 sibi
490 956 743 997 domicilium
779 960 823 996 et
850 955 959 996 vitae
994 961 1038 996 et
1073 956 1222 997 mortis
1252 957 1512 1011 deposceret,
1549 961 1690 997 tamen

81 1035 309 1076 numquam
329 1035 406 1061 nec
427 1021 758 1076 magnitudinem
787 1020 945 1076 negotii
966 1035 1044 1062 nec
1066 1021 1334 1061 solitudinem
1356 1036 1475 1062 suam
1497 1036 1574 1062 nec
1608 1022 1690 1062 vim

81 1085 341 1127 inimicorum
381 1101 430 1127 ac
470 1087 557 1128 tela
597 1086 829 1141 pertimuit.
892 1086 1018 1127 Alter
1052 1086 1134 1128 fuit
1173 1092 1465 1141 propugnator
1501 1101 1690 1127 mearum

79 1151 342 1193 fortunarum
364 1158 407 1194 et
429 1153 622 1193 defensor
643 1152 849 1202 assiduus,
875 1167 1037 1193 summa
1058 1153 1215 1194 virtute
1238 1158 1282 1194 et
1310 1152 1482 1207 pietate,
1516 1153 1563 1194 C.
1588 1153 1689 1194 Piso

80 1231 221 1271 gener,
245 1218 315 1272 qui
347 1217 482 1258 minas
508 1217 773 1258 inimicorum
806 1232 1008 1267 meorum,
1047 1218 1115 1273 qui
1144 1217 1386 1258 inimicitias
1423 1217 1557 1257 affinis
1591 1218 1685 1268 mei,

79 1283 303 1338 propinqui
336 1283 413 1331 sui,
437 1284 631 1332 consulis,
665 1283 735 1338 qui
773 1283 962 1323 Pontum
998 1288 1041 1323 et
1078 1282 1321 1337 Bithyniam
1353 1288 1551 1337 quaestor
1587 1297 1688 1337 prae

79 1363 174 1389 mea
194 1348 327 1389 salute
348 1348 548 1401 neglexit.
602 1348 716 1388 Nihil
732 1362 931 1402 umquam
953 1352 1124 1388 senatus
1142 1347 1193 1387 de
1212 1347 1261 1387 P.
1284 1347 1462 1402 Popillio
1486 1347 1686 1397 decrevit,

79 1427 305 1468 numquam
327 1413 369 1453 in
390 1414 469 1453 hoc
486 1413 629 1454 ordine
647 1413 698 1453 de
722 1413 771 1465 Q.
794 1412 972 1454 Metello
987 1412 1144 1453 mentio
1166 1412 1279 1453 facta
1295 1417 1371 1453 est.
1436 1412 1688 1453 Tribuniciis

78 1485 179 1519 sunt
199 1478 255 1518 illi
277 1479 577 1534 rogationibus,
600 1479 834 1520 interfectis
855 1479 1045 1527 inimicis,
1071 1478 1248 1533 denique
1274 1477 1405 1533 [nulla
1427 1479 1686 1520 auctoritate

78 1545 270 1601 senatus]
301 1545 518 1593 restituti;
555 1560 682 1600 quum
712 1545 819 1586 alter
850 1560 993 1586 eorum
1024 1544 1190 1585 senatui
1223 1544 1445 1599 paruisset,
1474 1544 1581 1584 alter
1603 1545 1686 1585 vim

78 1610 330 1665 caedemque
364 1610 553 1664 fugisset.
618 1610 729 1650 Nam
763 1609 809 1650 G.
845 1610 1014 1664 quidem
1049 1609 1227 1659 Marius,
1252 1609 1322 1664 qui
1356 1609 1433 1649 hac
1472 1610 1687 1650 hominum

77 1675 278 1716 memoria
299 1675 452 1716 tertius
483 1680 582 1716 ante
614 1690 680 1716 me
709 1675 940 1716 consularis
960 1679 1219 1729 tempestate
1252 1674 1360 1714 civili
1383 1674 1584 1728 expulsus
1606 1680 1683 1725 est,

76 1755 161 1780 non
181 1741 304 1781 modo
326 1745 512 1780 asenatu
533 1755 616 1781 non
634 1745 699 1780 est
719 1741 958 1789 restitutus,
984 1740 1058 1780 sed
1081 1739 1219 1780 reditu
1243 1753 1318 1779 suo
1342 1746 1536 1779 senatum
1561 1754 1685 1780 cunc-

76 1810 169 1846 tum
189 1820 320 1859 paene
343 1805 509 1846 delevit.
572 1805 698 1846 Nulla
721 1806 771 1846 de
792 1805 871 1846 illis
893 1804 1219 1859 magistratuum
1240 1804 1472 1852 consensio,
1497 1804 1609 1844 nulla
1631 1805 1685 1846 ad

76 1884 165 1910 rem
186 1870 394 1925 publicam
415 1871 716 1911 defendendam
735 1870 874 1925 populi
892 1869 1072 1910 Romani
1096 1869 1352 1918 convocatio,
1373 1869 1509 1910 nullus
1535 1869 1684 1909 Italiae

77 1940 229 1984 motus,
273 1935 386 1975 nulla
435 1935 607 1976 decreta
661 1935 980 1991 municipiorum
1029 1939 1072 1975 et
1113 1934 1371 1974 coloniarum
1412 1935 1684 1976 exstiterunt.

80 1999 230 2051 Quare,
263 2014 391 2054 quum
425 2014 491 2040 me
521 2006 659 2041 vestra
691 2000 925 2041 auctoritas
963 1998 1215 2047 arcessierit,
1251 1999 1429 2053 populus
1465 1999 1684 2040 Romanus

77 2063 250 2113 vocarit,
288 2078 355 2104 res
394 2064 561 2119 publica
592 2065 838 2119 implorarit,
878 2064 1003 2106 Italia
1032 2069 1187 2105 cuncta
1217 2078 1350 2118 paene
1381 2064 1468 2105 suis
1498 2065 1682 2106 humeris

899 2191 1025 2226 vagant,
1042 2186 1165 2225 though
1179 2187 1213 2216 in
1228 2186 1385 2225 harmony
1399 2185 1475 2215 with
1497 2185 1553 2215 the
1567 2188 1633 2216 rest
1649 2186 1687 2216 of

899 2230 955 2260 the
980 2230 1093 2269 speech
1120 2229 1294 2268 (Plutarch,
1312 2229 1447 2265 Marius,
1477 2239 1503 2258 c.
1527 2228 1605 2268 43);
1631 2229 1681 2259 for

899 2273 954 2302 the
971 2273 1174 2302 Declamator
1188 2273 1302 2311 always
1319 2276 1529 2311 exaggerates,
1555 2272 1618 2301 and
1639 2272 1679 2302 he

75 2187 195 2217 fessum
220 2187 259 2218 de
282 2188 404 2223 itinere,
429 2190 461 2217 et
482 2187 589 2217 omnia
609 2187 774 2217 corrasisse
794 2197 854 2217 un-

76 2230 172 2270 dique
187 2241 266 2270 quae
282 2231 442 2270 epilogum
459 2230 617 2271 quendam
640 2231 741 2260 facere
759 2230 856 2260 videri

74 2278 207 2313 possent
219 2274 237 2286 ’'
264 2273 397 2313 (Wolf).

113 2326 178 2355 pro
195 2317 235 2346 P.
254 2316 425 2356 Popillim]
474 2316 627 2356 Popillius
646 2315 708 2345 and
726 2315 765 2348 Q.
783 2315 855 2345 Me-

74 2359 170 2389 tellus
197 2360 386 2390 Numidicus
411 2369 463 2389 are
487 2359 620 2399 coupled
643 2359 788 2397 together
812 2359 854 2398 by

76 2401 185 2432 Cicero
208 2403 240 2432 in
264 2404 319 2433 the
342 2403 464 2432 oration
483 2403 543 2432 Pro
566 2402 724 2435 Cluentio,
749 2412 774 2431 c.
801 2403 853 2436 35,

74 2444 147 2474 Vol.
173 2445 221 2475 ΙΙ.
267 2446 299 2476 It
325 2456 387 2476 was
414 2456 433 2475 a
457 2445 564 2475 ‘locus
591 2444 789 2475 communis'
821 2445 857 2474 of

76 2487 197 2517 Cicero.

119 2530 288 2570 usur-past]
338 2531 397 2561 See
411 2531 484 2561 Vol.
502 2531 530 2561 I.
547 2531 639 2561 Verr.
655 2530 688 2561 ii.
707 2532 736 2560 5.
754 2540 781 2560 c.
799 2532 851 2567 20,

74 2576 161 2602 note.

120 2616 260 2645 Pontum
277 2618 308 2645 et
323 2616 529 2656 Bithyniam]
570 2616 718 2656 Nothing
732 2616 758 2645 is
775 2616 851 2645 else—

74 2658 179 2687 where
195 2657 261 2687 said
282 2658 318 2687 of
339 2658 375 2689 C.
394 2659 476 2693 Piso,
501 2659 639 2689 Cicero’s
655 2659 850 2694 son-in-law,

74 2701 254 2739 neglecting
270 2700 318 2730 his
334 2701 410 2740 duty
427 2711 460 2731 as
477 2707 634 2741 quaestor,
648 2712 683 2732 or
695 2702 852 2732 whatever

74 2743 130 2773 the
146 2743 246 2772 words
263 2754 334 2782 may
349 2754 451 2779 mean,
468 2749 500 2773 to
516 2745 589 2774 look
605 2745 686 2775 after
701 2745 755 2775 the
770 2746 851 2775 inte—

73 2790 155 2816 rests
171 2786 205 2815 of
217 2786 266 2815 his
282 2786 433 2816 father-in
453 2787 521 2816 law.

117 2833 263 2858 senatum
279 2829 444 2869 cunctum]
481 2829 584 2860 There
599 2840 661 2859 was
679 2830 804 2860 murder
818 2831 853 2860 in

75 2871 178 2901 Rome
201 2871 281 2901 after
297 2872 332 2902 C.
342 2872 472 2902 Marius
487 2872 646 2908 returned,
667 2873 727 2903 but
743 2877 750 2890 ‘
763 2883 852 2903 sena-

74 2916 143 2944 tum
167 2918 315 2944 cunctum
339 2925 439 2954 paene
461 2915 577 2945 delevit
590 2915 597 2928 ’
614 2916 640 2945 is
656 2926 731 2956 very
747 2920 852 2946 extra-

900 2320 1102 2354 exaggerates
1119 2315 1216 2354 solely
1232 2315 1282 2344 for
1297 2315 1352 2345 the
1367 2315 1442 2345 sake
1458 2315 1495 2344 of
1513 2315 1679 2345 antithesis

898 2358 961 2388 and
976 2364 1009 2387 to
1025 2358 1126 2387 round
1142 2358 1192 2387 his
1209 2363 1366 2388 sentence.
1401 2358 1528 2397 Has-ing
1543 2358 1679 2397 nothing

898 2405 931 2431 to
948 2411 1011 2440 say,
1028 2401 1068 2430 he
1085 2406 1170 2430 must
1187 2401 1226 2430 lie
1242 2401 1348 2431 rather
1364 2401 1440 2430 than
1457 2401 1496 2430 be
1512 2401 1615 2430 silent.

936 2454 1040 2483 paene
1055 2445 1122 2473 suis
1138 2443 1296 2483 humeris]
1345 2444 1527 2474 Macrobius
1544 2443 1626 2483 (Sat.
1644 2444 1676 2473 ii.

898 2486 931 2525 3)
949 2487 1075 2516 records
1091 2486 1154 2516 this
1171 2488 1351 2526 expression
1373 2486 1408 2516 of
1430 2486 1539 2517 Cicero
1553 2498 1559 2515 ι
1585 2491 1603 2503 “
1617 2486 1676 2516 Ul-

897 2530 972 2560 cisci
997 2535 1101 2559 autem
1125 2539 1158 2559 se
1177 2529 1287 2559 Cicero
1311 2529 1485 2564 videbatur,
1513 2529 1604 2568 utqui
1627 2539 1676 2558 re-

897 2572 1061 2612 spondisse
1091 2572 1150 2602 sibi
1180 2572 1343 2601 Vatinium
1374 2573 1570 2603 meminerat.
1603 2581 1675 2601 cum

895 2616 1034 2645 humeris
1058 2625 1091 2644 se
1113 2615 1158 2644 rei
1180 2614 1325 2654 publicae
1346 2615 1384 2644 de
1401 2615 1510 2644 exsilio
1534 2620 1673 2653 reporta-

894 2663 963 2688 tum
989 2658 1191 2697 gloriaretur:
1221 2657 1312 2688 Unde
1336 2667 1409 2696 ergo
1434 2657 1491 2687 tibi
1510 2658 1627 2686 varices
1639 2655 1674 2685 ?”

897 2702 1045 2732 Plutarch
1061 2701 1127 2730 also
1145 2700 1278 2739 (Cicero,
1303 2710 1319 2729 c
1350 2700 1405 2739 33)
1419 2712 1426 2728 ε
1453 2704 1471 2716 “
1487 2700 1596 2730 Cicero
1613 2709 1675 2729 was

895 2744 1035 2775 restored
1060 2744 1092 2773 in
1116 2744 1171 2773 the
1196 2743 1354 2772 sixteenth
1380 2743 1491 2772 mouth
1515 2742 1596 2771 after
1625 2742 1674 2772 his

897 2788 986 2822 exile,
1003 2787 1065 2817 and
1082 2797 1115 2816 so
1132 2791 1217 2826 great
1235 2796 1295 2815 was
1317 2786 1371 2815 the
1393 2786 1445 2824 joy
1461 2785 1497 2814 of
1515 2785 1569 2814 the
1585 2785 1673 2815 cities

896 2831 959 2860 and
982 2831 1037 2860 the
1060 2830 1125 2860 zeal
1149 2829 1184 2859 of
1205 2830 1245 2858 all
1269 2833 1390 2858 mento
1411 2833 1494 2858 meet
1511 2827 1587 2863 him,
1605 2827 1674 2858 that

896 2874 981 2903 what
1011 2883 1072 2903 was
1102 2872 1282 2903 afterwards
1313 2871 1378 2901 said
1409 2871 1450 2910 by
1481 2871 1589 2901 Cicero
1619 2870 1673 2901 fell

897 2917 985 2947 short
1008 2916 1044 2946 of
1064 2916 1118 2946 the
1142 2915 1252 2946 truth:
1276 2915 1325 2944 for
1348 2915 1387 2944 he
1411 2914 1476 2944 said
1499 2913 1568 2943 that
1590 2913 1673 2953 Italy
