2002 3235
753 195 888 238 GAP.
921 197 958 248 7,
982 198 1022 238 8.
1610 203 1690 244 441

86 310 271 353 tratibus
306 314 372 352 est
405 311 551 352 datum
583 324 693 352 anno
727 310 954 367 superiore,
990 315 1040 352 ut
1076 314 1274 352 curarent
1309 316 1358 353 ut
1391 312 1479 354 sine
1511 313 1550 354 vi
1581 316 1692 356 aedi-

85 377 211 418 ficare
233 376 332 417 mihi
354 376 510 427 liceret,
536 376 688 430 quibus
715 376 755 417 in
784 376 978 417 maximis
1000 376 1195 432 periculis
1216 377 1409 418 universa
1433 393 1500 419 res
1526 380 1693 434 publica

86 442 367 483 commendari
390 442 520 483 solet:
556 441 718 492 deinde,
743 457 870 497 quum
892 442 958 482 ille
980 442 1095 483 saxis
1118 447 1161 483 et
1182 442 1348 498 ignibus
1370 448 1414 484 et
1434 443 1543 484 ferro
1565 447 1692 486 vasti-

84 512 220 548 tatem
248 507 352 548 meis
375 507 544 548 sedibus
572 507 797 559 intulisset,
823 508 1009 549 decrevit
1030 513 1215 559 senatus,
1241 523 1313 549 eos
1335 508 1405 563 qui
1434 509 1475 548 id
1495 509 1693 551 fecissent

84 572 176 628 lege
212 574 263 614 de
299 573 349 624 vi,
389 588 495 628 quae
529 578 596 614 est
628 573 671 614 in
700 589 772 615 eos
805 574 874 629 qui
910 574 1147 615 universam
1179 589 1268 615 ren]
1298 574 1509 629 publicam
1536 590 1693 631 oppug-

85 643 269 688 nassent,
311 639 457 680 teneri.
522 638 659 680 Vobis
692 654 789 680 vero
830 639 1120 691 referentibus,
1158 654 1181 680 o
1214 645 1313 695 post
1353 640 1569 681 hominum
1609 656 1692 682 me-

84 704 261 745 moriam
295 703 515 746 fortissimi
556 709 683 760 atque
720 705 866 760 optimi
904 705 1106 756 consuleS,
1146 706 1329 747 decrevit
1369 706 1480 746 idem
1521 712 1693 748 senatus

84 771 459 826 frequentissimus,
490 771 559 826 qui
590 786 726 812 meam
758 772 928 812 domum
959 771 1157 812 violasset
1188 776 1337 812 contra
1367 787 1455 813 rem
1486 773 1694 827 publicam

85 851 177 877 esse
212 837 436 877 facturum.
500 837 621 891 Nego
656 837 739 878 ullo
776 837 827 877 de
863 851 988 891 opere
1022 836 1203 891 publico,
1238 837 1289 877 de
1322 843 1605 887 monumento,
1641 839 1693 880 de

85 902 256 957 templo,
291 907 358 942 tot
390 906 563 942 senatus
597 907 766 943 exstare
800 902 1007 950 consulta,
1043 907 1145 956 quot
1182 902 1232 942 de
1267 917 1362 943 mea
1395 904 1531 953 domo,
1568 918 1694 959 quam

84 972 257 1008 senatus
289 982 415 1007 unam
447 971 546 1022 post
581 967 689 1008 hanc
718 968 865 1008 urbem
894 967 1173 1008 constitutam
1203 982 1253 1008 ex
1284 968 1445 1009 aerario
1471 969 1693 1010 aedifican-

85 1034 194 1081 dam,
227 1047 252 1073 a
287 1032 556 1087 pontificibus
589 1032 862 1082 liberandam,
896 1047 922 1073 a
957 1032 1281 1087 magistratibus
1318 1034 1633 1084 defendendam,
1668 1050 1693 1076 a

78 1098 293 1153 judicibus
333 1097 587 1153 puniendam
628 1102 813 1154 putaret.
877 1098 927 1140 Ρ.
964 1097 1137 1139 Valerio
1171 1113 1247 1153 pro
1289 1099 1483 1140 maximis
1523 1100 1563 1140 in
1605 1115 1693 1141 rem

84 1163 295 1219 publicam
327 1164 542 1205 beneficiis
574 1164 675 1205 data
704 1165 853 1205 domus
884 1169 951 1205 est
982 1164 1024 1204 in
1055 1164 1180 1205 Velia
1210 1165 1403 1220 publice;
1441 1171 1486 1206 at
1517 1166 1618 1206 mihi
1650 1167 1692 1207 111

87 1229 256 1271 Palatio
278 1229 502 1271 restituta:
537 1229 594 1270 illi
615 1230 757 1277 locus3
793 1234 839 1270 at
868 1229 969 1269 mihi
991 1229 1119 1270 etiam
1148 1230 1332 1285 parietes
1353 1236 1481 1286 atque
1503 1236 1688 1273 tectum:

85 1296 141 1336 illi
160 1311 284 1350 quam
298 1296 388 1351 ipse
410 1295 573 1351 privato
592 1296 688 1350 jure
710 1300 927 1343 tueretur;
959 1295 1060 1335 mihi
1084 1311 1208 1351 quam
1230 1297 1393 1351 publice
1414 1297 1691 1352 magistratus

86 1375 229 1402 omnes
251 1362 535 1402 defenderent.
601 1362 718 1414 Quae
741 1361 909 1416 quidem
935 1375 1012 1416 ego
1045 1361 1080 1401 si
1110 1367 1185 1401 aut
1215 1376 1288 1416 per
1318 1377 1384 1402 me
1415 1368 1490 1403 aut
1516 1364 1569 1403 ab
1601 1364 1692 1405 aliis

84 1427 294 1477 haberem,
319 1442 401 1468 non
423 1427 706 1482 praedicarem
728 1427 839 1481 apud
861 1441 948 1475 vos,
972 1441 1023 1467 ne
1052 1426 1175 1467 nimis
1202 1427 1371 1481 gloriari
1394 1427 1579 1475 viderem
1615 1430 1691 1470 sed

86 1508 213 1548 quum
251 1494 336 1534 sint
374 1493 475 1533 mihi
511 1493 613 1534 data
647 1507 673 1532 a
708 1492 837 1541 vobis,
873 1507 999 1547 quum
1039 1508 1088 1533 ea
1121 1497 1387 1534 attententur
1423 1494 1514 1548 ejus
1549 1494 1691 1549 lingua

85 1559 205 1613 cujus
236 1563 363 1599 antea
386 1573 513 1599 manu
544 1573 690 1599 eversa
721 1572 796 1599 vos
824 1557 925 1598 mihi
951 1562 994 1599 et
1024 1558 1165 1598 liberis
1195 1558 1299 1599 meis
1326 1560 1519 1600 manibus
1540 1561 1691 1602 vestris

84 1623 338 1672 reddidistis,
377 1638 460 1663 non
493 1637 571 1678 ego
604 1623 656 1664 de
691 1622 807 1671 meis,
845 1623 919 1663 sed
961 1623 1012 1663 de
1046 1623 1198 1664 vestris
1234 1624 1358 1665 factis
1397 1625 1568 1680 loquor;
1613 1641 1690 1667 nec

84 1703 229 1730 vereor
259 1704 310 1730 ne
332 1689 434 1730 haec
455 1703 549 1729 mea
569 1694 805 1729 vestrorum
837 1688 1135 1729 beneficiorum
1166 1689 1424 1744 praedicatio
1455 1707 1539 1732 non
1569 1697 1692 1747 grata

84 1755 226 1810 potius
249 1769 373 1810 quam
395 1769 597 1809 arrogans
618 1754 822 1795 videatur.
887 1754 1161 1809 Quamquam,
1181 1755 1215 1795 si
1237 1769 1303 1796 me
1325 1757 1457 1797 tantis
1478 1757 1691 1799 laboribus

84 1836 158 1875 pro
192 1820 402 1862 communi
435 1820 570 1861 salute
602 1819 868 1876 perfunctum
900 1819 1070 1862 efferret·
1101 1819 1324 1875 aliquando
1356 1822 1409 1862 ad
1441 1822 1617 1876 gloriam
1649 1823 1691 1863 in

84 1955 186 1983 tratus
219 1952 355 1992 ‘quibus
385 1953 418 1982 in
448 1953 594 1983 maximis
621 1954 769 1993 periculis
803 1976 810 1984 .
829 1977 836 1984 .
856 1977 863 1984 .

86 1996 301 2025 commendari
340 1995 439 2033 solet‚’
477 2007 495 2026 a
530 2000 614 2027 most
648 1997 765 2027 absurd
802 1997 864 2027 and

85 2039 257 2068 ridiculous
280 2039 456 2069 antithesis.
505 2040 563 2069 See
577 2040 632 2070 the
648 2040 741 2070 letter
758 2044 790 2070 to
806 2041 864 2070 At-

85 2082 166 2112 ticus
185 2081 239 2122 (iv.
257 2082 312 2121 2);
337 2082 398 2111 and
421 2082 462 2111 iv.
480 2083 500 2112 3
515 2083 612 2113 about
635 2083 689 2113 the
711 2084 817 2113 attack
833 2084 869 2113 of

87 2125 217 2156 Clodius
234 2135 275 2154 on
293 2125 430 2154 Cicero's
445 2135 527 2154 area.

124 2168 340 2208 puniendam]
389 2168 451 2197 We
467 2179 539 2207 may
555 2178 646 2207 guess
662 2168 747 2198 what
764 2171 771 2185 ‘
783 2179 801 2198 a
815 2169 866 2207 ju-

86 2211 208 2241 dicibus
225 2210 434 2250 puniendam’
452 2221 570 2247 means,
589 2211 646 2241 but
663 2212 789 2250 nobody
802 2212 865 2241 will

87 2264 224 2294 suppose
248 2255 318 2284 that
344 2255 400 2283 the
429 2254 570 2284 Romans
597 2255 663 2284 said
690 2255 823 2284 ‘domus
849 2265 867 2283 a

83 2297 244 2337 judicibus
271 2297 431 2336 punienda
458 2297 535 2333 est;'
570 2308 627 2327 nor
654 2297 864 2327 ‘munienda’

86 2341 197 2378 either,
224 2351 257 2370 as
280 2341 386 2370 Baiter
409 2341 465 2370 has
489 2341 523 2375 it,
545 2341 697 2380 adopting
713 2351 730 2370 a
747 2350 865 2370 correc-

87 2384 165 2414 tion.
214 2384 339 2413 Ernesti
365 2383 472 2413 thinks
495 2384 565 2413 that
591 2384 802 2423 ‘puniendam
817 2383 823 2396 ’
840 2384 867 2413 is

87 2430 120 2457 to
145 2427 185 2456 be
208 2427 303 2456 taken
327 2428 358 2456 in
379 2427 433 2456 the
450 2437 540 2456 sense
555 2427 590 2456 of
611 2426 865 2456 ‘ulciscendam'

89 2470 240 2500 “Punire
265 2470 394 2499 domum
422 2474 469 2499 est
497 2480 630 2509 poenam
656 2475 799 2509 repetere
825 2469 866 2499 ob

88 2513 233 2542 violatam
259 2512 421 2543 domum”
452 2513 604 2552 (Ernesti,
630 2513 729 2543 Index
748 2512 866 2548 Latin).

90 2556 142 2585 He
165 2555 260 2585 refers
277 2560 309 2585 to
324 2557 379 2586 the
397 2557 446 2586 De
463 2557 598 2586 Oratore
613 2557 633 2586 i.
652 2558 690 2586 51
707 2568 714 2586 :
745 2559 763 2572 ‘⁴
778 2556 865 2594 eupi-

89 2599 170 2628 ditas
192 2599 343 2638 puniendi
364 2600 480 2629 doloris
495 2599 526 2635 ;’'
553 2600 612 2629 Pro
630 2600 752 2629 Milone
768 2599 788 2629 i.
808 2600 865 2629 13:

91 2644 161 2670 “tu
193 2652 242 2671 me
267 2642 326 2671 tibi
353 2643 480 2679 iratum,
509 2643 614 2678 Sexte,
647 2647 749 2682 putas,
778 2642 867 2680 cnjus

88 2684 341 2714 inimicissimum
366 2685 466 2714 multo
491 2686 647 2715 crudelius
668 2687 763 2715 etiam
794 2695 865 2725 poe-

90 2728 176 2756 nitus
201 2737 234 2756 es
255 2738 349 2766 quam
368 2732 435 2757 erat
459 2728 664 2758 humanitatis
687 2739 773 2759 meae
793 2738 865 2768 pos-

90 2770 192 2800 tulare
206 2769 241 2799 ?”
266 2771 326 2799 and
345 2771 424 2800 Phil.
442 2771 504 2800 viii.
523 2774 551 2801 2.
599 2773 703 2802 These
719 2782 866 2812 passages

90 2813 176 2843 show
192 2813 246 2842 the
262 2814 409 2852 meaning
432 2814 467 2843 of
489 2816 496 2830 ‘
510 2815 645 2853 punire‚’
662 2815 721 2845 but
736 2816 811 2854 they
828 2814 868 2844 do

89 2859 145 2884 not
159 2856 269 2894 justify
287 2856 340 2885 the
357 2857 537 2895 expression
554 2858 585 2886 in
602 2858 656 2887 the
672 2861 750 2888 text.

134 2900 167 2927 in
204 2900 294 2928 Velia
322 2900 492 2939 publica]
548 2900 649 2930 Janus
681 2901 866 2931 palmerius.

89 2941 159 2971 The
186 2941 282 2971 MSS.
311 2941 390 2972 have
417 2942 471 2972 ‘in
497 2942 562 2973 uua
588 2943 732 2983 publica’
756 2953 792 2974 or
814 2944 868 2973 ‘in

910 1954 983 1984 villa
1007 1953 1166 1994 publicas
1192 1954 1253 1984 and
1277 1964 1364 1985 some
1390 1956 1442 1985 ‘in
1467 1956 1516 1985 via
1541 1956 1690 1995 publica,'

910 2008 943 2027 as
960 1997 1052 2027 Wolf
1065 2008 1145 2037 says.
1180 1998 1258 2037 Livy
1277 1998 1322 2037 (ii.
1341 1998 1374 2036 7)
1392 2009 1462 2038 says
1479 1999 1515 2028 of
1527 2000 1689 2035 Valerius:

910 2041 1125 2070 “aedificabat
1140 2041 1171 2070 in
1190 2052 1313 2071 summa
1328 2041 1456 2072 Velia.''
1480 2043 1549 2072 The
1565 2054 1691 2082 expres-

910 2084 978 2113 sion
1006 2084 1151 2122 ‘publice
1175 2084 1272 2120 data‚’
1297 2085 1389 2124 given
1412 2085 1453 2124 by
1477 2086 1532 2115 the
1549 2090 1640 2123 state,
1665 2087 1691 2116 is

909 2137 928 2156 3
955 2127 1091 2165 genuine
1115 2127 1238 2156 Roman
1255 2128 1449 2166 expression.
1497 2129 1692 2169 Pomponius

911 2169 1000 2209 (Dig.
1022 2171 1048 2199 l.
1067 2172 1096 2199 2.
1113 2172 1143 2200 2.
1165 2172 1179 2205 ξ
1197 2171 1253 2208 37)
1271 2180 1340 2209 says
1357 2171 1394 2200 of
1405 2171 1459 2200 the
1474 2171 1573 2201 house
1590 2173 1692 2202 which

911 2222 973 2241 was
998 2212 1090 2251 given
1118 2216 1151 2242 to
1179 2213 1313 2242 Nasica:
1341 2214 1434 2243 “Sed
1462 2217 1494 2244 et
1519 2215 1555 2245 C.
1586 2216 1691 2255 Scipio

911 2255 1037 2290 Nasica,
1055 2255 1109 2294 qui
1125 2255 1264 2293 optimus
1281 2266 1299 2285 a
1315 2260 1426 2286 senatu
1439 2258 1615 2296 appellatus
1632 2263 1690 2296 est,

912 2299 962 2327 cui
985 2298 1079 2327 etiam
1105 2298 1230 2336 publice
1253 2299 1365 2328 domus
1389 2300 1421 2329 in
1445 2311 1531 2331 sacra
1547 2302 1596 2332 via
1619 2302 1692 2332 data

911 2343 969 2375 est,
988 2350 1049 2380 quo
1065 2340 1187 2370 facilius
1204 2342 1324 2371 consuli
1340 2344 1483 2381 posset.’'

956 2385 1066 2422 linqua
1084 2406 1091 2413 .
1111 2407 1118 2413 .
1138 2406 1144 2412 .
1161 2395 1257 2414 manu
1273 2409 1278 2415 .
1300 2408 1306 2414 .
1325 2408 1332 2415 .
1349 2387 1512 2426 manibus]
1544 2387 1630 2417 Here
1645 2399 1692 2418 we

912 2426 991 2456 have
1017 2427 1072 2456 the
1099 2426 1330 2458 Declamator’s
1353 2429 1448 2459 hand.
1495 2431 1585 2470 They
1610 2442 1692 2461 were

911 2470 1058 2499 attacked
1086 2469 1126 2508 by
1152 2470 1206 2499 the
1235 2471 1383 2510 ‘lingua’
1410 2473 1445 2502 of
1464 2473 1518 2503 the
1543 2484 1626 2510 man,
1649 2474 1691 2513 by

912 2513 1018 2542 whose
1043 2513 1127 2542 hand
1150 2513 1225 2552 they
1249 2524 1329 2544 were
1350 2515 1457 2545 before
1481 2517 1690 2553 overthrown,

911 2556 972 2585 and
997 2556 1088 2594 again
1112 2556 1253 2585 restored
1270 2561 1277 2573 ‘
1292 2558 1436 2588 manibus
1453 2560 1564 2588 vestris
1579 2559 1598 2589 :’
1624 2561 1692 2589 first

912 2603 919 2615 ‘
931 2599 1039 2637 lingua
1053 2599 1060 2612 '
1077 2599 1140 2628 and
1158 2600 1301 2629 ‘manus’
1320 2602 1470 2640 opposed,
1487 2603 1564 2631 111611
1582 2608 1588 2618 ⁴
1602 2604 1691 2641 cujus

913 2641 1028 2671 manu'
1056 2642 1118 2671 and
1143 2642 1309 2672 ‘manibus
1334 2645 1468 2674 vestris.’
1515 2646 1583 2674 The
1605 2646 1690 2675 word

915 2688 922 2702 ‘
936 2684 1101 2715 manibus’
1118 2685 1144 2714 is
1172 2688 1229 2724 put
1252 2686 1284 2715 in
1301 2687 1415 2725 simply
1433 2692 1465 2716 to
1482 2687 1611 2717 balance
1636 2689 1691 2718 the

912 2728 1050 2758 ‘manu.'
1098 2728 1139 2757 So
1165 2733 1197 2757 31
1220 2729 1273 2758 1116
1297 2730 1357 2758 end
1382 2729 1418 2758 of
1437 2730 1491 2760 the
1508 2731 1557 2760 De
1576 2731 1690 2766 Domo,

911 2783 937 2802 c.
956 2774 1018 2801 58:
1051 2772 1278 2807 “auctoritate
1308 2772 1423 2809 studio,
1452 2775 1616 2803 sententiis
1641 2785 1689 2804 re-

912 2815 1060 2844 stituistis
1078 2837 1085 2844 .
1104 2837 1111 2844 .
1131 2838 1137 2844 .
1155 2815 1300 2844 manibus
1325 2825 1450 2855 quoque
1467 2818 1577 2846 vestris
1594 2818 1626 2846 in
1643 2828 1691 2847 56-

912 2858 1004 2888 dibus
1030 2858 1108 2888 meis
1133 2858 1326 2888 collocetis.'’
1375 2859 1416 2888 So
1433 2870 1478 2888 we
1502 2860 1582 2889 shall
1604 2861 1692 2891 learn

913 2904 945 2932 to
962 2901 1050 2931 write
1067 2904 1099 2931 at
1114 2901 1175 2932 last
1191 2901 1232 2941 by
1250 2901 1400 2942 studying
1416 2903 1479 2933 this
1495 2903 1620 2935 author.
