2063 3242
256 221 340 261 444
499 218 680 260 ORAT.
714 217 796 259 DE
831 213 1259 258 HARUSPIOUM
1294 211 1636 255 RESPONSIS

258 339 302 377 et
335 334 491 376 dixisse
527 338 571 376 et
603 333 763 389 scripta
799 332 850 373 de
884 332 1061 373 deorum
1094 329 1396 371 immortalium
1426 327 1595 368 numine
1624 324 1868 381 reliquisse:

258 415 365 456 quae
387 414 640 455 quamquam
662 397 863 439 divinitus
893 395 1130 452 perscripta
1150 395 1284 445 video,
1308 398 1452 434 tamen
1474 391 1680 448 ejusmodi
1706 394 1805 431 sunt·
1826 394 1875 431 ut

260 481 310 507 ea
344 466 525 521 majores
560 463 695 505 nostri
727 462 920 503 docuisse
954 461 1058 512 illos,
1089 475 1174 501 non
1210 462 1264 501 ab
1297 459 1378 500 illis
1411 458 1607 499 didicisse
1638 457 1875 498 videantur.

261 531 435 574 Etenim
466 531 557 586 quis
589 535 654 570 est
687 534 775 570 tam
796 542 944 569 vecors
976 526 1047 582 qui
1077 531 1165 575 aut,
1193 540 1323 580 quum
1353 524 1593 580 suspexerit
1625 523 1666 563 in
1699 522 1872 572 caelum,

261 597 363 638 deos
384 611 476 637 esse
498 610 580 635 non
602 594 771 642 sentiat,
789 598 830 634 et
853 608 902 634 ea
925 607 1033 647 quae
1056 597 1179 632 tanta
1199 596 1341 632 mente
1363 591 1473 631 fiunt
1494 594 1542 630 ut
1565 589 1632 629 vix
1656 588 1877 643 quisquam

261 668 354 704 arte
385 663 468 703 ulla
500 661 688 702 ordinem
722 675 861 701 rerum
895 674 944 700 ac
978 656 1335 699 necessitudinem
1369 655 1563 712 persequi
1596 655 1742 710 possit,
1777 669 1876 695 casu

262 729 353 770 fieri
384 733 517 784 putet,
540 732 627 777 aut,
656 742 784 782 quum
816 726 919 766 deos
950 740 1042 766 esse
1074 723 1342 772 intellexerit,
1376 737 1460 763 non
1491 722 1702 777 intelligat
1733 736 1877 762 eorum

262 794 432 835 numine
460 794 538 834 hoc
569 798 738 834 tantum
772 791 993 847 imperium
1023 805 1114 831 esse
1143 794 1290 831 natum
1315 793 1360 829 et
1386 792 1554 829 auctum
1578 793 1621 828 et
1640 788 1878 828 retentum?

265 861 402 913 Quam
423 859 614 900 volumus
635 858 748 906 licet,
772 862 915 912 patres
937 855 1179 911 conscripti,
1204 855 1281 910 ipsi
1311 868 1388 894 nos
1413 867 1614 901 amemus,
1639 857 1780 893 tamen
1802 867 1878 894 nec

264 940 438 965 numero
477 924 706 979 Hispanos,
739 938 815 964 nec
849 923 1000 964 robore
1033 921 1191 971 Gallos,
1225 935 1302 961 nec
1340 919 1573 961 calliditate
1598 919 1778 968 Poenos,
1802 933 1878 960 nec

264 991 427 1032 artibus
464 990 665 1040 Graecos,
704 1003 781 1029 nec
823 988 1001 1043 denique
1043 987 1123 1028 hoc
1165 986 1257 1041 ipso
1300 986 1425 1040 hujus
1466 984 1607 1041 gentis
1647 999 1696 1025 ac
1738 988 1878 1025 terrae

266 1055 499 1097 domestico
530 1055 756 1109 nativoque
788 1069 915 1095 sensu
940 1053 1074 1095 Italos
1106 1053 1218 1108 ipsos
1248 1066 1296 1092 ac
1321 1051 1510 1101 Latinos,
1535 1051 1608 1091 sed
1640 1051 1800 1106 pietate
1830 1064 1879 1090 ac

266 1122 479 1176 religione,
514 1126 644 1176 atque
685 1122 764 1161 hac
796 1135 878 1161 una
911 1118 1134 1175 sapientia,
1172 1118 1283 1173 quod
1321 1118 1496 1158 deorum
1533 1115 1876 1171 [immortalium]

266 1187 436 1228 numine
470 1188 608 1228 omnia
644 1187 733 1241 regi
766 1185 1077 1241 gubernarique
1113 1183 1417 1239 perspeximus,
1446 1197 1591 1224 omnes
1623 1187 1774 1239 gentes
1807 1197 1879 1223 na-

266 1254 489 1308 tionesque
510 1253 812 1308 superavimus.

326 1319 388 1360 X.
424 1319 563 1370 Quare
586 1333 637 1358 ne
659 1318 779 1372 plura
808 1317 859 1357 de
890 1331 935 1357 re
963 1315 1133 1356 minime
1156 1315 1303 1370 loquar
1325 1314 1462 1365 dubia,
1487 1314 1684 1356 adhibete
1704 1314 1878 1364 animos,

267 1389 310 1426 et
331 1389 496 1425 mentes
513 1389 690 1432 vestras,
710 1399 794 1424 non
817 1383 953 1423 solum
969 1396 1093 1423 aures
1109 1382 1163 1422 ad
1180 1381 1451 1436 haruspicum
1468 1395 1615 1422 vocem
1636 1381 1877 1422 admovete:

269 1465 385 1494 QUOD
410 1463 458 1490 IN
483 1464 605 1489 Aeno
629 1462 905 1489 LATINIENSI
934 1461 1129 1488 AUDITUS
1155 1462 1236 1487 EST
1262 1461 1508 1487 STREPITUS
1533 1460 1626 1486 CUM
1655 1460 1881 1487 FREMITU.

270 1516 405 1558 Mitto
436 1515 692 1570 haruspices,
726 1514 851 1556 mitto
883 1513 996 1554 illam
1025 1517 1210 1554 veterem
1242 1513 1294 1552 ab
1326 1512 1429 1568 ipsis
1458 1512 1536 1553 diis
1562 1512 1880 1562 immortalibus,

268 1587 316 1623 ut
345 1581 559 1622 hominum
590 1581 703 1621 fama
736 1586 814 1630 est,
849 1579 1049 1621 Etruriae
1081 1578 1284 1620 tradit-am
1306 1577 1592 1633 disciplinam:
1636 1592 1712 1618 nos
1745 1592 1883 1618 nonne

268 1647 511 1703 haruspices
533 1662 625 1688 esse
655 1647 906 1702 possumus?
938 1645 1164 1687 exauditus
1195 1645 1236 1685 in
1268 1659 1371 1700 agro
1400 1644 1634 1699 propinquo
1662 1648 1706 1685 et
1734 1643 1882 1684 subur-

269 1715 377 1755 bano
393 1719 458 1755 est
479 1714 685 1768 strepitus
703 1713 872 1768 quidam
891 1713 1146 1761 reconditus,
1162 1717 1205 1753 et
1222 1710 1433 1751 horribilis
1449 1711 1640 1751 fremitus
1656 1725 1882 1751 armorum.

271 1781 376 1833 Quis
397 1785 462 1821 est
494 1795 545 1820 ex
576 1779 823 1835 gigantibus
853 1778 932 1819 illis
954 1793 1060 1834 quos
1091 1782 1243 1833 poetae
1262 1778 1407 1833 ,ferunt
1438 1776 1591 1817 bellum
1614 1776 1693 1817 diis
1715 1776 1882 1817 immor-

269 1846 424 1888 talibus
446 1845 648 1894 intulisse,
674 1850 763 1886 tam
792 1844 957 1900 impius,
983 1844 1052 1899 qui
1075 1844 1153 1884 hoc
1176 1848 1263 1884 tam
1294 1857 1402 1883 novo
1425 1846 1630 1897 tantoque
1652 1847 1771 1883 motu
1800 1857 1883 1883 non

270 1927 471 1967 magnum
495 1911 653 1966 aliquid
686 1911 788 1951 deos
816 1909 971 1965 populo
996 1910 1189 1950 Romano
1211 1913 1550 1964 praemonstrare
1571 1913 1613 1949 et
1642 1907 1884 1963 praecinere

270 1977 486 2018 fateatur?
562 1977 628 2016 De
681 1991 730 2016 ea
781 1990 825 2016 re
874 1975 1081 2030 scriptum
1134 1979 1211 2023 est,
1256 1988 1551 2014 POSTILIONES
1606 1988 1713 2014 ESSE
1767 1988 1880 2024 JOVI,

274 2056 496 2091 SATURNo,
528 2056 756 2091 NEPTUNO,
786 2055 1000 2091 TELLUm,
1039 2055 1128 2081 D11s
1165 2055 1490 2081 CAELESTIBUS.
1554 2040 1695 2080 Audio
1733 2040 1884 2095 quibus

272 2107 351 2148 diis
365 2106 532 2149 violatis
555 2107 739 2162 expiatio
758 2107 988 2154 debeatur3
1024 2106 1099 2147 sed
1116 2106 1333 2147 hominum
1351 2121 1458 2161 quae
1477 2106 1530 2146 ob
1546 2105 1699 2147 delicta
1713 2120 1882 2161 quaero.

274 2187 411 2213 Lunos
453 2187 597 2213 MINUS
641 2186 930 2213 DILIGENTER
970 2186 1138 2212 FACTOS
1179 2186 1510 2215 POLLUTOSQUE.
1586 2172 1702 2223 Quos
1736 2171 1885 2213 ludos?

274 2238 335 2278 Te
367 2239 545 2294 appello,
584 2237 903 2289 Lentule,—tui
936 2237 1160 2279 sacerdotii
1193 2242 1296 2279 sunt
1329 2242 1487 2284 tensae,
1517 2237 1736 2288 curricula,
1767 2251 1885 2292 prae-

273 2362 431 2402 believing
460 2363 493 2393 in
519 2364 574 2394 the
604 2364 682 2403 gods
713 2365 787 2394 does
818 2367 875 2394 not
905 2374 957 2395 see
986 2364 1056 2394 that

276 2406 378 2436 Rome
404 2407 430 2436 is
451 2407 534 2436 their
561 2408 738 2437 work.—-If
759 2408 800 2437 all
827 2407 886 2437 but
902 2408 982 2438 fools
999 2418 1055 2437 can

275 2460 326 2479 see
343 2450 415 2484 this,
433 2450 560 2479 whence
584 2460 688 2480 comes
706 2451 836 2480 Rome's
859 2455 946 2490 great
965 2461 1056 2490 supe-

275 2493 383 2532 riority
400 2493 432 2522 in
455 2493 561 2531 seeing
579 2497 585 2509 ‘
600 2493 731 2523 deorum
748 2494 975 2523 immortalium
998 2504 1056 2523 nu-

275 2537 361 2566 mine
377 2536 484 2565 onmia
493 2537 558 2574 regi
569 2536 801 2576 gubernarique
814 2537 836 2566 ?’
869 2537 914 2566 As
931 2537 971 2566 he
987 2547 1057 2576 says

275 2579 413 2615 himself,
430 2590 448 2608 a
464 2590 538 2608 man
556 2583 640 2608 must
657 2579 695 2608 be
712 2590 730 2608 a
746 2580 809 2609 fool
825 2584 880 2609 not
897 2584 930 2609 to
946 2590 997 2609 see
1013 2581 1048 2609 it.

323 2623 407 2652 Such
434 2622 597 2662 absurdity
618 2632 680 2651 was
709 2633 803 2652 never
826 2623 951 2652 uttered
975 2623 1016 2662 by
1039 2633 1058 2651 a

278 2666 404 2696 Roman
434 2665 470 2695 of
496 2676 559 2705 any
590 2675 692 2701 sense,
724 2665 773 2695 for
798 2666 839 2695 he
870 2666 961 2695 knew
988 2666 1058 2695 that

276 2709 399 2748 though
419 2709 519 2738 Rome
542 2709 630 2738 owed
655 2709 750 2738 much
773 2712 807 2738 to
831 2709 887 2738 her
911 2709 1058 2747 religious

277 2753 486 2787 institution&
518 2752 574 2782 she
604 2751 691 2781 owed
723 2752 818 2781 much
848 2752 914 2781 also
942 2756 976 2781 to
1003 2752 1060 2781 her

278 2796 380 2826 sword
395 2796 458 2825 and
473 2796 530 2825 her
547 2795 653 2834 manly
670 2795 797 2824 virtues.

325 2841 374 2869 10.
400 2840 491 2877 Ayro
518 2838 716 2877 Latiniensi]
765 2838 835 2867 The
862 2837 1060 2867 Latinienses

279 2893 331 2912 are
360 2882 563 2912 enumerated
588 2882 628 2920 by
651 2882 741 2920 Pliny
766 2881 824 2922 (iii.
842 2891 868 2910 c.
886 2880 920 2921 9)
944 2890 1062 2919 among

279 2926 334 2956 the
351 2926 480 2965 peoples
496 2925 531 2954 of
543 2925 596 2954 old
613 2925 752 2955 Latium.

324 2979 364 2998 ez·
400 2968 601 3009 yiyantibus]
661 2967 836 2998 “Ridicule
871 2967 972 2997 utitur
1002 2966 1062 2997 hoc

1100 2364 1196 2394 verbo
1224 2367 1320 2404 atque
1346 2363 1423 2394 adeo
1450 2366 1594 2403 tempore
1624 2364 1691 2403 ejus
1715 2364 1884 2404 praesenti,

1101 2408 1189 2447 quasi
1213 2408 1350 2447 aliquem
1374 2408 1531 2446 gigantem
1557 2412 1625 2436 tum
1650 2417 1812 2446 superesse
1831 2411 1886 2437 aut

1101 2451 1184 2480 inter
1202 2451 1369 2480 Senatores
1386 2460 1455 2479 esse
1471 2451 1646 2489 significare
1662 2451 1746 2480 velit.
1796 2451 1885 2480 Scili-

1103 2498 1152 2524 cet
1167 2494 1274 2523 animo
1290 2494 1427 2523 hominis
1440 2493 1690 2523 obversabantur
1705 2493 1801 2523 verba
1818 2494 1884 2524 Cic.

1103 2537 1142 2566 de
1174 2537 1299 2566 Senect.
1331 2546 1357 2565 c.
1390 2539 1431 2567 2:
1465 2536 1573 2568 ‘Quid
1604 2540 1653 2566 est
1684 2537 1768 2566 enim
1800 2537 1885 2566 aliud

1105 2580 1278 2618 Gigantum
1303 2579 1398 2608 modo
1422 2579 1539 2609 bellare
1563 2590 1634 2609 cuin
1653 2580 1721 2609 Diis
1746 2581 1806 2610 nisi
1828 2591 1884 2610 na-

1101 2626 1191 2652 turae
1206 2632 1383 2661 repugnare
1397 2622 1419 2651 ?’
1440 2622 1459 2635 ''
1486 2621 1619 2663 (Wolf).

1148 2665 1357 2704 Postiliones]
1394 2668 1412 2682 ‘⁴
1428 2666 1623 2695 Postiliones
1641 2665 1779 2695 Orellius
1797 2666 1884 2706 (coll.

1103 2708 1257 2743 Varrone,
1287 2708 1325 2738 L.
1353 2708 1390 2737 L.
1414 2719 1442 2738 v.
1466 2711 1480 2745 ξ
1513 2709 1582 2745 148,
1612 2713 1643 2738 et
1671 2709 1812 2739 Arnobio
1842 2710 1883 2740 iv.

1105 2762 1131 2781 c.
1149 2749 1184 2790 3)
1198 2763 1203 2780 :
1217 2752 1453 2790 postulationes
1470 2751 1531 2782 C.”
1550 2752 1701 2792 (Baiter).
1750 2756 1757 2769 ‘
1771 2753 1884 2783 Postu-

1105 2794 1238 2824 lationes
1253 2793 1260 2807 '
1285 2804 1320 2824 or
1344 2795 1550 2834 ‘postiliones
1564 2794 1571 2808 ’
1597 2805 1676 2825 were
1700 2795 1754 2825 the
1777 2796 1884 2835 expia-

1105 2838 1199 2867 tions.

1151 2881 1284 2920 tensaen]
1331 2880 1390 2910 See
1405 2881 1477 2911 Vol.
1501 2881 1528 2911 I.
1554 2881 1644 2911 Verr.
1668 2881 1700 2910 ii.
1725 2884 1756 2911 5.
1781 2892 1806 2911 c.
1832 2882 1884 2917 72.

1107 2923 1274 2953 Manutius
1302 2925 1459 2963 supposed
1487 2925 1557 2954 that
1585 2925 1741 2954 Lentulus
1763 2935 1826 2954 was
1844 2934 1885 2953 an

1109 2967 1220 3006 ‘epulo
1243 2966 1331 2997 Jovis
1353 2967 1430 3007 Opt.
1454 2968 1554 2998 Max.’
1600 2968 1670 2998 The
1694 2966 1886 3007 ‘epulones'
