2002 3235
768 185 900 227 OAP.
937 185 1058 230 7—9.
1628 193 1708 233 169

113 312 196 339 non
231 299 284 339 ad
316 298 541 340 maximam
571 303 736 354 partem
768 299 918 340 civium
954 298 1208 341 conveniret.
1272 299 1406 341 VIII.
1451 301 1534 342 Sed
1568 308 1710 345 tamen

112 368 156 404 te
177 378 202 404 a
222 379 288 404 me
309 379 383 419 pro
405 364 569 419 magnis
595 363 753 404 caussis
783 370 954 405 nostrae
986 365 1306 406 necessitudinis
1336 367 1588 408 monendum
1619 383 1708 409 esse

112 428 239 469 etiam
273 435 401 484 atque
433 429 562 470 etiam
594 434 712 484 puto.
774 429 870 470 Non
911 435 1089 484 possunt
1120 445 1264 471 omnes
1300 445 1391 472 esse
1423 432 1601 486 patricii.
1665 435 1709 475 Si

110 508 253 535 verum
270 495 447 549 quaeris,
471 510 521 535 ne
545 500 693 536 curant
716 495 900 550 quidem:
925 510 1002 536 nec
1023 510 1067 536 se
1089 497 1284 551 aequales
1305 497 1366 537 tui
1389 503 1563 552 propter
1584 498 1709 539 istam

111 574 303 601 caussam
323 562 398 601 abs
419 565 462 601 te
490 560 640 601 anteiri
666 565 834 615 putant.
896 560 964 601 Ac
998 560 1033 601 si
1061 561 1139 601 tibi
1172 576 1248 601 nos
1277 562 1483 616 peregrini
1506 562 1705 613 videmur,

110 639 284 680 quorum
302 625 390 680 jam
412 630 455 666 et
477 639 628 665 nomen
650 630 694 666 et
714 625 846 665 honos
868 624 1115 666 inveteravit
1137 630 1179 666 et
1200 626 1292 667 urbi
1313 626 1409 667 huic
1432 632 1474 668 et
1496 628 1708 669 hominum

109 690 242 732 famae
264 706 313 732 ac
335 691 607 740 sermonibus,
642 705 767 745 quam
797 691 874 732 tibi
905 691 996 732 illos
1028 692 1328 747 competitores
1349 697 1446 733 tuos
1467 695 1708 748 peregrinos

108 756 237 797 videri
259 771 430 797 necesse
457 756 549 804 erit,
582 756 652 811 qui
680 756 769 810 jam
797 771 848 796 ex
870 760 964 798 tota
995 757 1119 798 Italia
1140 757 1290 798 delecti
1314 762 1455 798 tecum
1477 759 1528 799 de
1550 759 1707 800 honore

108 826 152 862 et
185 821 236 862 de
270 821 381 862 omni
418 821 624 876 dignitate
661 822 949 863 contendunt?
1012 822 1199 874 Quorum
1235 827 1283 863 tu
1321 838 1419 863 cave
1456 839 1706 880 quemquam

106 887 372 941 peregrinum
403 886 601 942 appelles,
633 901 684 926 ne
714 886 1028 941 peregrinorum
1064 887 1273 942 suffragiis
1306 889 1494 930 obruare.
1559 891 1639 942 Qui
1670 892 1704 931 si

106 951 328 993 attulerint
358 966 507 992 nervos
540 957 583 993 et
616 951 877 1000 industriam,
912 952 1013 992 mihi
1047 953 1185 1001 crede,
1223 953 1439 995 excutient
1472 955 1549 996 tibi
1581 956 1705 997 istam

105 1018 326 1058 verborum
343 1017 634 1072 jactationem,
657 1022 700 1058 et
721 1022 765 1058 te
787 1032 840 1057 ex
861 1032 1007 1058 somno
1029 1033 1154 1073 saepe
1177 1019 1424 1061 excitabunt
1446 1035 1522 1061 nec
1544 1022 1704 1076 patien-

104 1087 174 1123 tur
195 1098 240 1124 se
261 1084 337 1124 abs
360 1088 416 1131 te,
435 1082 512 1123 nisi
530 1082 686 1123 virtute
704 1082 934 1131 vincentur,
954 1083 1111 1124 honore
1129 1084 1329 1139 superari.
1372 1085 1438 1125 Ac
1460 1085 1507 1133 si,
1527 1086 1701 1140 judices,

105 1148 257 1189 ceteris
289 1148 474 1203 patriciis
503 1163 569 1189 me
595 1152 638 1188 et
662 1163 736 1189 vos
765 1149 1009 1204 peregrinos
1030 1149 1162 1191 videri
1188 1155 1417 1204 oporteret,
1441 1165 1466 1191 a
1489 1150 1703 1206 Torquato

103 1219 243 1255 tamen
266 1215 345 1255 hoc
368 1214 514 1256 vitium
536 1214 742 1255 sileretur.
798 1214 879 1255 Est
901 1215 1009 1255 enim
1031 1215 1119 1269 ipse
1139 1230 1163 1255 a
1184 1220 1375 1256 materno
1397 1231 1550 1270 genere
1572 1217 1703 1257 muni-

104 1279 259 1334 cipalis,
297 1279 579 1321 honestissimi
620 1294 667 1320 ac
699 1279 945 1320 nobilissimi
978 1280 1156 1334 generis,
1200 1281 1273 1321 sed
1309 1286 1450 1321 tamen
1486 1281 1700 1323 Asculani.

104 1345 197 1385 Aut
218 1345 347 1400 igitur
369 1345 520 1385 doceat
543 1344 741 1385 Picentes
765 1344 876 1384 solos
904 1359 987 1384 non
1018 1359 1110 1385 esse
1140 1345 1393 1399 peregrinos,
1424 1351 1497 1387 aut
1517 1347 1701 1401 gaudeat

101 1425 178 1450 suo
199 1410 341 1465 generi
364 1425 429 1450 me
450 1425 589 1450 meum
611 1415 710 1450 ante
732 1424 814 1450 non
837 1424 1002 1464 ponere.
1037 1410 1176 1462 Quare
1198 1425 1331 1465 neque
1353 1426 1418 1451 me
1436 1412 1701 1467 peregrinum

100 1476 279 1530 posthac
314 1475 481 1525 dixeris,
513 1490 563 1515 ne
595 1474 764 1531 gravius
797 1475 992 1524 refutere,
1027 1490 1160 1531 neque
1192 1491 1346 1531 regem,
1386 1492 1437 1517 ne
1472 1477 1699 1519 derideare.

102 1539 194 1580 Nisi
215 1540 325 1581 forte
346 1540 506 1595 regium
528 1540 605 1581 tibi
623 1540 789 1581 videtur
810 1540 871 1581 ita
887 1540 1023 1581 vivere
1040 1546 1087 1581 ut
1108 1555 1192 1581 non
1212 1542 1336 1582 modo
1354 1542 1507 1582 homini
1531 1543 1698 1593 nemini,

99 1605 172 1645 sed
194 1620 246 1646 ne
269 1605 487 1660 cupiditati
512 1604 678 1659 quidem
700 1605 768 1645 ulli
791 1605 974 1652 se1-vias;
1011 1612 1279 1646 contemnere
1309 1621 1451 1647 omnes
1477 1607 1694 1656 libidines;

99 1686 181 1712 non
210 1672 312 1720 auri,
342 1686 425 1712 non
458 1671 636 1725 argenti,
672 1685 755 1710 non
787 1676 1021 1711 ceterarum
1054 1685 1193 1712 rerum
1224 1671 1436 1726 indigere;
1472 1673 1514 1712 in
1550 1679 1699 1715 senatu

99 1737 254 1778 sentire
289 1737 444 1784 libere,
491 1736 632 1791 populi
669 1735 844 1776 utilitati
877 1735 1011 1790 magis
1049 1736 1265 1777 consulere
1301 1751 1424 1791 quam
1463 1738 1692 1786 voluntati;

98 1802 250 1842 nemini
283 1803 444 1851 cedere,
468 1801 612 1842 multis
635 1801 853 1842 obsistere.
917 1801 961 1841 Si
984 1801 1061 1842 hoc
1084 1807 1209 1857 putas
1231 1816 1322 1842 esse
1349 1802 1521 1856 regium,
1554 1819 1696 1858 regem

97 1882 163 1908 me
196 1883 287 1908 esse
329 1867 546 1909 confiteor.
611 1866 685 1907 Sin
716 1871 758 1907 te
789 1866 981 1922 potentia
1008 1882 1113 1917 mea⁷
1153 1867 1187 1907 si
1224 1867 1466 1918 dominatio,
1506 1869 1540 1909 si
1582 1870 1695 1910 deni-

98 1947 176 1987 que
197 1933 365 1987 aliquod
387 1933 545 1973 dictum
568 1946 769 1986 arrogans
790 1937 865 1972 aut
885 1933 1110 1987 superbum
1132 1938 1283 1981 movet,
1303 1933 1400 1987 quin
1422 1939 1468 1974 tu
1492 1934 1533 1974 id
1554 1935 1695 1989 potius

96 1997 256 2051 profers
277 2012 401 2051 quam
422 1997 535 2037 verbi
556 1996 752 2036 invidiam
774 1997 1150 2051 contumeliamque
1172 1997 1408 2038 maledicti?

156 2061 243 2103 IX.
278 2062 384 2117 Ego,
417 2062 548 2102 tantis
578 2075 604 2101 a
634 2075 699 2101 me
731 2061 945 2102 beneficiis
975 2062 1015 2101 in
1041 2076 1086 2101 re
1108 2061 1273 2116 publica
1294 2063 1456 2117 positis,
1480 2063 1513 2104 si
1536 2064 1693 2105 nullum

138 2187 168 2215 8.
193 2184 450 2223 necessiludinis]
509 2183 566 2213 See
597 2193 623 2213 c.
659 2184 685 2220 l,
723 2186 798 2213 note
829 2193 870 2213 on
915 2184 970 2222 ing
986 2193 1116 2222 passage
1133 2183 1235 2222 (Verr.
1254 2184 1284 2214 ii.
1304 2187 1332 2214 5.
1351 2195 1377 2214 c.
1395 2185 1472 2226 23):
1498 2189 1516 2203 “
1531 2197 1593 2226 quo
1610 2191 1690 2218 tem-

96 2231 103 2245 ‘
116 2226 400 2258 necessitudinem.’

131 2271 297 2310 patricii]
339 2270 427 2309 They
445 2279 524 2299 were
540 2269 674 2307 nothing
690 2279 776 2298 ruore
792 2269 869 2298 than

93 2314 199 2343 others
224 2319 256 2343 at
280 2314 341 2343 this
365 2314 452 2342 time.
498 2313 542 2342 As
568 2312 692 2342 Patricii
715 2313 789 2351 they
806 2312 867 2341 had

92 2366 134 2386 no
151 2357 325 2396 privileges,

136 2399 339 2438 inveteravit]
390 2399 441 2428 He
465 2408 536 2428 uses
563 2398 626 2427 this
654 2398 737 2427 word
760 2398 791 2426 in
813 2397 867 2426 the

93 2442 204 2472 Oratio
222 2443 271 2472 De
292 2442 374 2481 Imp.
393 2442 451 2472 Cn.
471 2441 621 2480 Pompeii,
647 2451 672 2470 c.
691 2442 728 2471 3:
757 2443 867 2479 “quae

91 2486 219 2524 penitus
239 2486 304 2523 jam
328 2485 443 2514 insedit
459 2494 494 2513 ac
511 2484 603 2513 nimis
627 2484 809 2513 inveteravit
835 2484 866 2512 in

91 2528 198 2567 populi
218 2528 352 2557 Romani
369 2526 531 2556 nomine.’'
579 2527 617 2556 In
642 2537 667 2556 c,
693 2529 733 2556 21)
750 2527 785 2556 of
805 2526 866 2555 this

92 2570 204 2610 speech
223 2574 229 2587 ‘
243 2571 415 2600 inveterata
427 2570 434 2583 ’
451 2570 477 2599 is
493 2570 631 2609 opposed
648 2573 681 2599 to
699 2574 705 2586 ⁴
718 2569 849 2599 recens.’

134 2613 300 2651 snffraqiis
326 2613 489 2652 abruma]
552 2613 731 2651 Torquatus
761 2611 864 2641 would

91 2656 156 2685 lose
173 2656 220 2685 his
236 2656 368 2685 election
386 2656 426 2694 by
442 2656 544 2694 losing
557 2655 611 2684 the
624 2659 710 2684 votes
726 2655 761 2684 of
774 2655 864 2684 those

90 2699 193 2728 whom
211 2698 251 2727 he
267 2699 341 2727 calls
359 2698 526 2737 Peregrini,
544 2698 598 2727 the
621 2698 816 2727 inhabitants
833 2697 869 2726 of

90 2741 144 2771 the
162 2741 345 2779 Municipia,
370 2741 440 2770 who
467 2741 528 2770 had
552 2751 621 2770 now
640 2741 694 2770 the
712 2744 718 2757 ‘
733 2740 863 2770 civium-⁷

92 2784 150 2813 See
180 2783 238 2812 Pro
266 2783 412 2821 Murena,
436 2794 462 2813 c.
491 2785 542 2819 23,
574 2787 649 2813 note
676 2794 718 2813 on
745 2783 864 2814 Confu-

90 2836 222 2856 sionem.

132 2868 298 2907 sileretur]
348 2878 417 2908 says
446 2868 553 2904 Halm,
578 2869 604 2898 is
635 2869 690 2898 the
717 2879 802 2898 same
828 2878 862 2898 as

93 2914 100 2928 ⁴
113 2911 195 2942 sileri
211 2911 367 2941 debebat.'
416 2911 466 2941 He
481 2921 643 2951 compares
666 2912 720 2942 the
741 2912 862 2942 follow-

914 2236 990 2265 pore
1012 2227 1045 2255 in
1068 2230 1157 2255 tanta
1173 2227 1278 2266 inopia
1299 2229 1424 2257 navium
1443 2233 1594 2269 tantaque
1611 2232 1690 2261 cala-

914 2270 1024 2298 mitate
1040 2270 1227 2308 provinciae,
1253 2270 1347 2299 etiam
1371 2271 1396 2300 si
1422 2274 1559 2310 precario
1584 2278 1690 2304 essent

912 2311 1052 2350 rogandi,
1070 2316 1176 2341 tamen
1193 2312 1231 2341 ab
1248 2313 1285 2342 iis
1302 2313 1557 2352 i1npetraretur.'⁷

955 2355 1140 2393 Asculum]
1171 2355 1239 2385 The
1256 2356 1407 2386 Asculum
1425 2358 1461 2386 of
1477 2358 1637 2394 Picenum,
1655 2370 1688 2389 as

911 2398 966 2426 the
983 2397 1066 2426 word
1087 2398 1226 2427 Picentes
1243 2398 1354 2428 shows.
1405 2400 1463 2429 Pro
1481 2400 1528 2430 M.
1544 2402 1687 2437 Fonteio,

912 2451 938 2470 c.
961 2442 1062 2470 18.—‘
1074 2444 1147 2469 ante
1175 2451 1237 2469 non
1263 2442 1410 2480 ponere:y
1443 2445 1525 2473 ‘non
1556 2449 1687 2484 antepo-

912 2493 985 2512 nere
997 2482 1004 2494 ’
1023 2482 1162 2522 (Halm).
1210 2484 1358 2513 Picenum
1376 2485 1435 2514 had
1454 2490 1509 2515 not
1525 2487 1580 2516 the
1594 2490 1600 2503 ⁶
1613 2488 1686 2517 civi-

911 2525 977 2555 tas'
996 2526 1085 2554 when
1108 2526 1162 2555 the
1184 2526 1284 2555 Social
1309 2537 1371 2556 war
1394 2530 1594 2559 commcnced
1621 2540 1685 2560 13.c.

909 2572 970 2604 90;
995 2569 1056 2598 and
1072 2569 1096 2597 it
1113 2579 1174 2598 was
1197 2569 1250 2598 the
1272 2569 1359 2608 place
1375 2571 1477 2601 where
1501 2572 1554 2601 the
1572 2583 1686 2611 uproar

910 2611 1021 2650 began.

952 2655 1070 2683 sentire
1087 2654 1185 2683 libere
1195 2654 1222 2693 ,·]
1274 2654 1368 2683 Halm
1394 2666 1555 2694 compares
1577 2667 1603 2685 e.
1622 2659 1682 2687 :292

911 2697 1183 2726 ‘constantissime
1227 2697 1346 2725 sensit.'
1409 2698 1572 2728 ‘Sentire’
1611 2699 1684 2730 here

910 2750 1017 2769 means
1034 2743 1041 2756 ‘
1056 2740 1244 2769 sententiam
1263 2739 1386 2768 dicore)

954 2786 983 2813 9.
1019 2783 1100 2821 qu,
1134 2785 1232 2812 tantis
1263 2792 1281 2811 α
1312 2783 1375 2821 me]
1429 2783 1497 2813 The
1529 2784 1684 2815 Scholiast

907 2826 1015 2855 thinks
1043 2826 1111 2854 that
1138 2824 1247 2854 Cicero
1274 2825 1415 2854 imitated
1443 2826 1497 2855 the
1524 2827 1683 2867 following

907 2878 1037 2907 passage
1062 2868 1097 2897 of
1119 2868 1154 2897 C.
1184 2868 1343 2898 Gracchus
1369 2867 1433 2908 (Dc
1460 2869 1581 2907 legibus
1605 2880 1623 2899 a
1650 2882 1683 2901 se

907 2910 1147 2950 promulgatis):
1175 2914 1193 2927 “
1210 2911 1241 2941 Si
1258 2911 1370 2940 vellem
1398 2912 1482 2950 apud
1508 2922 1562 2942 vos
1589 2914 1683 2945 verba
