2063 3242
302 156 384 194 118
763 154 943 196 ORAT.
979 154 1098 196 PRO
1134 154 1181 196 L.
1208 153 1481 195 MURENA

301 268 450 320 dicam,
487 268 594 309 bello
629 268 843 310 invectum
876 273 1013 310 totam
1044 269 1086 310 in
1121 268 1271 310 Asiam
1304 284 1398 310 cum
1426 283 1531 324 pace
1560 268 1744 318 dimisit3
1780 284 1905 324 quem

305 333 354 375 L.
381 334 573 384 Murena,
607 339 731 390 pater
760 335 947 389 hujusce,
975 334 1338 376 vehementissime
1360 334 1761 391 vigilantissimeque
1783 349 1905 375 vexa-

301 405 405 448 tum,
438 415 673 455 repressum
696 415 850 455 magna
872 415 924 441 ex
946 405 1078 454 parte,
1112 415 1195 440 non
1217 415 1463 455 oppressum
1492 400 1659 455 reliquit
1678 418 1688 448 3
1724 400 1795 455 qui
1816 415 1903 450 rex,

301 465 382 506 sibi
404 465 565 521 aliquot
586 465 704 505 annis
726 466 904 521 sumptis
925 466 978 506 ad
1000 466 1309 506 confirmandas
1335 465 1522 506 rationes
1553 471 1595 506 et
1626 465 1771 520 copias
1795 465 1903 515 belli,

302 536 471 573 tantum
504 546 576 586 spe
617 536 855 586 conatuque
889 531 1019 572 valuit
1060 535 1107 571 ut
1144 545 1188 571 se
1231 530 1446 571 Oceanum
1483 546 1580 572 cum
1618 531 1770 581 Ponto,
1812 530 1906 571 Ser-

302 597 402 638 torii
444 598 585 652 copias
618 612 714 637 cum
755 597 841 637 suis
879 597 1204 652 conjuncturum
1244 601 1425 651 putaret.
1490 597 1560 636 Ad
1600 597 1713 651 quod
1754 596 1908 636 bellum

302 664 467 704 duobus
491 663 733 704 consulibus
760 662 820 703 ita
851 662 990 703 missis
1022 666 1070 703 ut
1103 662 1211 702 alter
1240 662 1538 703 Mithridatem
1569 664 1905 717 persequeretur,

302 729 411 770 alter
433 728 676 783 Bithyniam
698 733 900 778 tueretur,
925 728 1098 769 alterius
1128 742 1195 768 res
1226 732 1270 768 et
1299 732 1415 768 terra
1440 732 1484 768 et
1511 727 1616 768 mari
1639 727 1907 768 calamitosae

304 794 574 835 vehementer
595 799 638 835 et
668 809 769 850 opes
796 794 907 849 regis
935 799 977 835 et
1007 808 1159 834 nomen
1190 798 1424 841 auxerunt,
1463 793 1510 834 L.
1538 793 1701 834 Luculli
1723 807 1820 834 vero
1842 806 1909 832 res

304 864 451 901 tantae
469 859 723 901 exstiterunt
741 865 788 901 ut
804 875 938 915 neque
955 860 1090 914 majus
1105 859 1258 900 bellum
1275 859 1591 900 commemorari
1608 858 1754 914 possit,
1773 872 1908 913 neque

303 925 465 979 majore
486 925 662 966 consilio
684 930 728 967 et
749 926 905 967 virtute
927 931 1106 981 gestum.
1171 925 1280 966 Nam
1302 940 1428 980 quum
1449 925 1583 966 totius
1611 925 1791 980 impetus
1813 923 1910 964 belli

302 990 359 1030 ad
378 990 672 1045 Cyzicenorum
696 991 861 1032 moenia
879 990 1154 1039 constitisset,
1173 1005 1347 1045 eamque
1365 992 1513 1032 urbem
1530 991 1609 1031 sibi
1635 989 1910 1031 Mithridates

308 1055 438 1096 Asiae
466 1056 640 1110 januam
668 1056 757 1097 fore
783 1062 989 1112 putasset,
1025 1071 1107 1111 qua
1140 1056 1317 1097 effracta
1350 1063 1393 1098 et
1423 1057 1586 1097 revulsa
1618 1061 1712 1097 tota
1744 1059 1911 1110 pateret

306 1121 535 1176 provincia,
559 1122 744 1176 perfecta
765 1123 817 1163 ab
842 1122 1017 1163 Lucullo
1040 1123 1143 1163 liaeo
1165 1127 1265 1163 sunt
1287 1122 1437 1171 onmia,
1462 1127 1509 1163 ut
1530 1123 1630 1162 urbs
1651 1121 1910 1162 fidelissimo-

304 1202 400 1229 rum
440 1187 648 1227 sociorum
691 1188 987 1229 defenderetur
1024 1193 1067 1229 et
1105 1203 1250 1228 omnes
1293 1187 1439 1243 copiae
1480 1188 1593 1243 regis
1633 1186 1912 1228 diuturnitate

305 1252 562 1293 obsessionis
584 1258 943 1295 consumerentur.
1007 1254 1128 1306 Quid,
1153 1253 1264 1293 illam
1286 1268 1471 1308 pugnam
1492 1253 1681 1294 navalem
1702 1253 1754 1293 ad
1779 1251 1912 1293 Tene-

306 1318 419 1366 dum,
463 1333 590 1373 quum
633 1325 836 1359 contento
880 1333 1016 1367 cursu,
1058 1319 1274 1359 acerrimis
1315 1319 1504 1368 ducibus,
1543 1318 1728 1359 hostium
1768 1317 1913 1358 classis

311 1382 479 1425 ltaliam
513 1398 586 1438 spe
619 1388 748 1438 atque
782 1384 933 1424 animis
969 1384 1116 1425 inflata
1148 1389 1326 1439 peteret,
1361 1384 1562 1424 mediocri
1603 1383 1834 1425 certamine
1871 1388 1915 1424 et

307 1463 435 1502 parva
457 1448 726 1490 dimicatione
748 1450 1015 1490 commissam
1036 1449 1281 1490 arbitraris?
1326 1449 1459 1491 Mitto
1482 1449 1664 1505 praelim
1694 1458 1913 1504 praetereo

308 1514 645 1569 oppugnationes
668 1515 944 1570 oppidorum;
980 1516 1178 1571 expulsus
1206 1530 1335 1570 regno
1365 1515 1535 1556 tandem
1561 1515 1797 1569 aliquando,
1822 1520 1914 1555 tan-

306 1584 399 1621 tum
423 1586 565 1621 tamen
589 1580 761 1621 oonsilio
783 1586 914 1636 atque
935 1581 1193 1623 auctoritate
1210 1581 1355 1631 valuit,
1375 1586 1422 1622 ut
1439 1595 1484 1622 se
1501 1595 1599 1635 rege
1619 1580 1916 1621 Armeniorum

308 1646 513 1700 adjuncto
537 1647 653 1687 novis
675 1646 824 1701 opibus
846 1646 1058 1702 copiisque
1080 1647 1306 1688 renovarit.
1369 1646 1504 1687 XVI.
1538 1647 1605 1687 Ac
1628 1646 1663 1687 si
1684 1646 1785 1686 mihi
1807 1662 1915 1688 1111110

310 1712 363 1752 de
398 1713 523 1752 rebus
558 1712 691 1766 gestis
728 1717 840 1754 esset
876 1713 1012 1753 nostri
1053 1713 1263 1754 exercitus
1296 1713 1645 1768 imperatorisque
1679 1712 1914 1761 dicendum,

310 1777 487 1831 plurima-
521 1782 564 1818 et
597 1778 780 1818 maxima
816 1778 972 1833 praelia
1013 1793 1340 1819 commemorare
1381 1793 1562 1833 possem.
1625 1779 1709 1820 Sed
1750 1793 1833 1819 11011
1874 1778 1916 1819 1(1

310 1843 489 1896 agimus.
510 1843 650 1890 „jx-‘Hoc
674 1843 791 1885 dico:
827 1844 861 1884 si
883 1844 1037 1884 bellum
1059 1844 1151 1893 hoc,
1176 1843 1211 1884 si
1233 1843 1298 1884 hic
1320 1843 1467 1893 hostis,
1492 1844 1526 1885 si
1549 1844 1614 1885 ille
1635 1860 1709 1885 rex
1731 1849 1916 1885 contem-

312 1909 474 1949 nendus
515 1907 676 1957 fuisset,
719 1923 854 1964 neque
890 1913 1013 1949 tanta
1045 1924 1148 1949 cura
1187 1913 1363 1950 senatus
1403 1914 1447 1950 et
1487 1910 1666 1965 populus
1700 1910 1917 1951 Romanus

311 1973 625 2028 suscipiendum
643 1979 845 2029 putasset,
869 1989 1002 2030 neque
1025 1979 1091 2015 tot
1111 1989 1245 2015 annos
1267 1975 1469 2029 gessisset
1491 1990 1624 2031 neque
1645 1980 1766 2017 tanta
1786 1975 1918 2030 gloria

312 2080 398 2117 rupt.
444 2078 548 2108 There
572 2078 598 2107 is
625 2089 643 2108 a
668 2079 796 2118 reading
822 2082 951 2119 ‘pugna
974 2080 1090 2110 exeita-

312 2121 406 2157 tum,'
435 2120 492 2150 but
519 2122 543 2150 it
570 2132 671 2151 seems
696 2126 728 2151 to
753 2123 831 2152 offer
854 2134 872 2152 a
892 2133 970 2162 poor
991 2133 1091 2153 sense.

315 2164 443 2194 Ernesti
470 2165 577 2194 thinks
604 2165 673 2194 that
697 2166 721 2195 it
746 2176 853 2196 means
877 2167 947 2195 that·
965 2167 1092 2196 Mithri-

313 2208 402 2237 datos
420 2218 480 2237 was
497 2209 608 2237 roused
626 2208 666 2247 by
678 2209 731 2238 the
744 2209 846 2239 defeat
859 2210 894 2239 of
907 2210 956 2239 his
968 2210 1095 2249 general

314 2250 488 2281 Archelaus
505 2256 537 2280 at
553 2251 735 2281 Chaeronea
751 2253 784 2282 in
802 2253 933 2283 Boeotia
949 2253 989 2292 by
1007 2253 1094 2283 Sulla

317 2303 381 2323 Rc.
410 2296 450 2328 87
483 2294 657 2333 (Plutarch,
685 2296 781 2333 Sulla,
807 2306 833 2326 c.
866 2297 922 2333 163
954 2297 1092 2336 Appian,

316 2337 462 2368 Mithrid.
481 2336 634 2373 lla—47).

359 2381 440 2409 bello
468 2381 641 2420 inveelum]
668 2383 773 2411 “cum
796 2382 913 2412 bellum
937 2383 1095 2412 invectum

317 2426 417 2453 totam
433 2423 554 2453 codices
576 2424 635 2453 11151
652 2424 735 2463 quod
752 2426 771 2455 4
789 2426 917 2456 Oxonn.
943 2426 1022 2455 bello
1039 2426 1094 2455 ha-

315 2466 390 2496 bere
411 2466 594 2496 dicuntur.''
630 2467 735 2496 Halm.
783 2468 928 2498 Niebuhr
944 2479 1095 2508 proposes

319 2512 409 2539 ‘cum
426 2509 543 2539 bellum
561 2510 731 2540 invexisset
748 2511 872 2540 totum!
922 2512 1017 2541 Halm
1040 2512 1095 2542 has

316 2556 324 2570 ⁴
337 2563 409 2583 cum
425 2552 531 2582 bellos

362 2606 432 2625 cum
456 2605 538 2634 pace
569 2596 728 2635 dimisit]
780 2596 866 2626 Sulla
893 2598 1016 2627 crossed
1042 2598 1096 2627 the

320 2639 510 2678 Hellespont.
533 2639 593 2668 and
612 2650 698 2668 came
714 2643 747 2668 to
764 2643 860 2669 tei-ms
876 2641 950 2669 with
969 2641 1093 2670 Mithri-

317 2683 415 2718 dates,
431 2682 479 2711 for
496 2682 534 2711 he
552 2692 612 2711 was
637 2683 667 2711 in
691 2692 709 2711 a
733 2683 829 2720 hui-ry
846 2686 878 2711 to
896 2687 947 2721 get
965 2683 1043 2712 back
1060 2688 1094 2713 to

318 2726 399 2765 Italy
419 2725 593 2764 (Plutarch,
619 2726 715 2759 Sulla,
739 2736 763 2754 ι’.
786 2726 841 2761 16;
870 2726 916 2755 De
934 2727 1015 2765 Imp.
1035 2727 1094 2757 Cn.

318 2770 430 2808 Pomp.
450 2769 678 2804 Introduction,
697 2768 769 2797 Vol.
788 2768 861 2808 ΙΙ.).

362 2813 401 2841 L.
420 2811 588 2850 Murena]
626 2812 763 2842 Murena
786 2811 887 2849 began
912 2811 966 2841 the
982 2812 1096 2841 second

318 2855 517 2885 Mithridatio
533 2865 595 2884 war
610 2858 643 2884 to
659 2859 712 2893 get
731 2865 749 2884 a
767 2855 921 2894 triumph,
941 2855 1040 2884 which
1058 2855 1097 2884 he

317 2899 371 2929 did
385 2901 437 2937 get
448 2899 580 2928 without
590 2898 798 2939 dcscrvingit.
827 2898 899 2927 Vol.
916 2898 959 2928 H.
975 2898 1096 2928 Jntrod.

1136 2083 1170 2110 to
1192 2080 1246 2110 the
1269 2081 1391 2110 oration
1417 2081 1466 2111 De
1490 2081 1573 2120 Imp.
1597 2081 1656 2111 Cn.
1682 2081 1848 2120 Pomp.—‘
1863 2090 1918 2120 spe

1137 2123 1337 2163 conatuque,’
1365 2124 1471 2154 Klotz.
1517 2124 1586 2154 The
1608 2124 1703 2154 MSS.
1728 2124 1807 2154 have
1832 2124 1919 2163 ‘ipse

1138 2167 1331 2197 00110111.’---ί
1346 2167 1507 2197 50110111;’
1537 2167 1587 2197 De
1615 2168 1698 2207 Imp.
1724 2168 1782 2198 Cn.
1807 2167 1917 2206 Pomp.

1139 2220 1165 2240 c.
1184 2212 1213 2240 4.

1182 2254 1305 2283 (luobus
1334 2253 1531 2293 consulibus]
1573 2253 1621 2283 M.
1649 2253 1794 2283 Aurelius
1825 2253 1920 2284 Cotta

1138 2297 1250 2327 consul
1276 2297 1337 2326 had
1362 2297 1475 2335 charge
1498 2297 1534 2326 of
1555 2297 1714 2335 Bithynia,
1741 2296 1797 2326 but
1825 2296 1920 2326 Cotta

1139 2340 1300 2378 disgraced
1316 2340 1445 2369 himself
1459 2339 1499 2379 by
1511 2340 1560 2369 his
1577 2339 1745 2369 cowardice
1761 2340 1822 2369 and
1835 2345 1920 2369 want

1140 2383 1176 2412 of
1203 2383 1284 2412 skill.
1332 2382 1396 2422 (De
1429 2383 1511 2421 Imp.
1544 2382 1602 2412 Cn.
1636 2383 1746 2422 Pomp.
1780 2383 1917 2423 Introd.)

1141 2426 1292 2456 Lucullus
1309 2426 1370 2455 had
1387 2426 1441 2455 the
1456 2426 1594 2455 conduct
1606 2425 1642 2455 os
1654 2426 1708 2455 the
1720 2436 1783 2455 war
1799 2426 1920 2465 against

1140 2469 1354 2504 Mithridates,
1382 2469 1484 2498 which
1511 2469 1551 2498 he
1577 2469 1678 2507 began
1703 2469 1745 2508 by
1769 2469 1920 2508 relieving

1141 2512 1273 2551 Cyzicus
1300 2512 1402 2541 which
1430 2521 1491 2541 was
1522 2512 1695 2542 blockaded
1724 2512 1765 2552 by
1791 2513 1918 2542 Mithri-

1141 2555 1230 2584 dates
1246 2554 1312 2595 (De
1329 2555 1411 2594 Imp.
1430 2555 1488 2584 Cn.
1508 2555 1646 2595 Pomp).
1692 2555 1761 2585 The
1782 2556 1863 2595 fight
1877 2556 1924 2586 off

1141 2598 1288 2628 Tenedus
1315 2598 1341 2627 is
1370 2598 1551 2628 mentioned
1576 2598 1609 2627 in
1636 2599 1691 2628 the
1721 2599 1843 2628 oration
1870 2599 1920 2628 De

1142 2641 1223 2680 Imp.
1246 2641 1304 2671 Cn.
1332 2641 1441 2680 Pomp.
1467 2652 1493 2670 c.
1519 2644 1556 2671 8:
1582 2643 1746 2671 “classem
1772 2652 1918 2681 magnam

1141 2689 1172 2713 et
1184 2688 1561 2723 armatam—superatam
1574 2696 1643 2715 csse
1655 2690 1686 2715 et
1699 2686 1876 2724 depressam
1887 2685 1920 2721 ;”

1140 2727 1201 2756 and
1221 2727 1279 2756 Pro
1297 2727 1421 2762 Archia,
1440 2738 1465 2756 c.
1484 2730 1513 2758 9.

1184 2781 1258 2809 resse
1273 2771 1518 2810 Armeniormn]
1546 2772 1708 2810 Tigranes,
1727 2771 1780 2801 the
1796 2771 1919 2800 son-in-

1141 2813 1200 2842 law
1230 2813 1266 2842 of
1301 2813 1511 2844 Mithridates.
1574 2816 1631 2845 Sce
1665 2816 1712 2845 De
1744 2815 1826 2854 Imp.
1860 2814 1918 2844 Cn.

1144 2856 1294 2895 Pompeii,
1312 2867 1338 2886 c.
1355 2859 1385 2887 9.
