2002 3235
744 146 877 188 CAP.
911 147 1036 187 2—4.
1616 151 1693 190 163

99 259 179 301 mei
201 265 364 315 partem
384 260 538 303 nemini
560 260 765 315 impertio,
788 260 944 315 gloriae
964 259 1084 300 bonis
1107 258 1312 300 omnibus.
1368 260 1416 300 In
1441 259 1695 301 Autronium

97 325 384 366 testimonium
420 325 574 374 dixisti,
611 325 772 380 inquit:
821 325 978 365 Sullam
1014 324 1215 365 defendis.
1279 324 1376 365 Hoc
1414 329 1553 365 totum
1588 326 1695 379 ejus-

97 390 209 431 modi
232 396 307 440 est,
328 391 505 445 judices,
529 395 590 438 ut,
613 390 647 430 si
669 405 747 445 ego
770 405 862 430 sum
884 390 1126 431 inconstans
1147 404 1196 430 ac
1218 389 1332 438 levis,
1357 404 1433 430 nec
1455 389 1696 429 testimonio

97 455 220 495 fidem
241 456 370 496 tribui
393 456 645 505 convenerit,
670 471 744 497 nec
767 455 995 496 defensioni
1018 455 1331 496 auctoritatem.
1386 454 1459 495 Sin
1482 459 1547 495 est
1569 454 1609 494 in
1631 470 1696 494 me

97 520 204 561 ratio
235 521 294 562 rei
326 521 530 576 publicae,
564 521 708 576 religio
731 520 880 576 privati
910 520 1046 570 officii,
1079 520 1267 561 studium
1288 519 1532 561 retinendae
1554 519 1696 559 volun-

97 585 201 626 tatis
234 587 451 636 bonorum,
493 586 595 627 nihil
631 587 768 627 minus
804 591 1027 628 accusator
1063 587 1188 627 debet
1224 586 1364 626 dicere
1401 599 1526 640 quam
1566 599 1591 625 a
1630 600 1697 625 me

98 651 260 692 defendi
281 652 450 702 Sullam,
470 652 714 694 testimonio
730 652 888 693 laesum
906 666 996 692 esse
1015 651 1286 692 Autronium.
1310 651 1471 691 Videor
1488 650 1596 690 enim
1609 650 1698 703 jam

98 731 181 756 non
204 717 335 757 solum
358 717 544 758 studium
565 718 619 758 ad
649 717 931 758 defendendas
953 731 1138 767 caussas,
1168 731 1311 758 verum
1338 716 1466 757 etiam
1494 715 1699 770 opinionis

99 781 253 837 aliquid
275 788 319 824 et
340 783 607 824 auctoritatis
627 783 801 831 afferre3
832 797 912 838 qua
933 797 1011 837 ego
1034 787 1077 823 et
1098 782 1313 822 moderate
1335 786 1441 829 utar,
1459 780 1635 835 judices,
1655 785 1699 821 et

100 846 268 888 omnino
290 863 372 889 non
395 848 606 897 uterer,-si
629 848 694 888 1110
717 863 782 888 1110
802 863 886 888 11011
908 848 1129 902 coegisset.

160 911 242 953 IV.
276 912 397 953 Duae
425 913 738 967 conjurationes
768 914 843 953 abs
876 919 931 962 te,
963 913 1189 967 Torquate,
1222 911 1565 958 constituuntur;
1602 925 1696 960 una,

101 991 207 1031 quae
231 977 390 1033 Lepido
413 983 456 1019 et
480 977 679 1018 Volcatio
711 979 964 1026 consulibus,
999 984 1120 1033 patre
1150 983 1225 1019 tuo
1258 977 1429 1018 consule
1462 976 1696 1031 designatO,

99 1042 213 1083 facta
248 1058 340 1084 esse
374 1043 553 1090 dicitur,
588 1044 734 1092 altera,
771 1059 878 1098 quae
911 1059 978 1084 me
1012 1044 1193 1084 consule.
1258 1043 1423 1083 Harum
1452 1042 1492 1082 in
1522 1048 1699 1096 utraque

103 1107 259 1149 Sullam
281 1109 384 1150 dicis
405 1109 549 1150 fuisse.
591 1109 735 1150 Patris
755 1110 831 1158 tui,
854 1109 1071 1150 fortissimi
1091 1109 1166 1149 viri
1188 1114 1314 1164 atque
1338 1107 1484 1163 optimi
1503 1106 1697 1154 consulis,

100 1173 182 1214 scis
202 1189 268 1214 1110
289 1174 471 1215 0011511115
492 1189 574 1215 11011
597 1174 858 1222 1010110155ος
884 1175 964 1215 5015
985 1190 1063 1222 1110,
1083 1189 1210 1229 quum
1231 1174 1332 1215 mihi
1355 1187 1540 1214 summus
1556 1177 1699 1213 tecum

100 1253 201 1279 usus
222 1245 345 1290 esset,
369 1244 510 1280 tamen
531 1240 691 1280 illorum
715 1245 932 1294 expertem
954 1246 1192 1294 temporum
1214 1244 1257 1280 et
1284 1253 1520 1279 sermonum
1541 1237 1693 1284 fuisse;

99 1305 236 1354 credo,
272 1306 382 1360 quod
413 1306 599 1345 nondum
630 1304 797 1360 penitus
822 1305 862 1345 in
891 1320 935 1345 re
965 1305 1131 1359 publica
1152 1305 1359 1352 versabar,
1384 1303 1493 1358 quod
1515 1303 1697 1342 nondum

99 1369 153 1408 ad
176 1370 433 1424 propositum
456 1370 556 1410 mihi
578 1371 702 1410 finem
726 1369 896 1410 honoris
917 1384 1202 1424 perveneram,
1231 1369 1341 1424 quod
1370 1383 1435 1408 me
1457 1367 1631 1408 ambitio
1654 1372 1698 1408 et

97 1433 275 1475 forensis
315 1435 435 1476 labor
468 1436 521 1476 ab
557 1435 669 1475 omni
706 1434 774 1474 illa
810 1434 1064 1488 cogitatione
1106 1435 1398 1475 abstrahebat.
1462 1432 1565 1484 Quis
1596 1447 1697 1488 ergo

97 1498 299 1541 intererat
324 1500 474 1541 vestris
494 1500 706 1541 consiliis?
768 1499 924 1540 Omnes
947 1499 1001 1548 hi,
1025 1514 1130 1554 quos
1151 1499 1267 1540 vides
1288 1499 1383 1539 huic
1405 1499 1566 1545 adesse,
1589 1502 1633 1538 et
1655 1497 1696 1537 in

97 1564 242 1618 primis
271 1566 321 1617 Q.
348 1565 627 1612 Hortensius,
663 1565 733 1620 qui
761 1580 887 1620 quum
921 1570 1095 1619 propter
1127 1565 1330 1605 honorem
1365 1579 1413 1604 ac
1446 1563 1696 1617 dignitatem

96 1633 225 1684 atque
253 1631 438 1671 animum
471 1630 667 1671 eximium
703 1630 744 1670 in
779 1645 865 1670 rem
899 1630 1120 1684 publicam,
1156 1634 1248 1670 tum
1283 1634 1457 1684 propter
1490 1642 1696 1667 summam

95 1694 423 1737 familiaritatem
445 1709 734 1750 summumque
759 1709 943 1734 amorem
973 1694 1012 1733 in
1036 1699 1199 1748 patrem
1221 1699 1339 1734 tuum
1363 1707 1488 1747 quum
1511 1707 1696 1732 commu-

97 1759 232 1809 nibus,
270 1765 362 1801 tum
395 1759 634 1816 praecipuis
666 1759 802 1815 patris
835 1759 897 1800 tui
934 1758 1127 1813 periculis
1163 1759 1515 1799 commovebatur.
1580 1757 1695 1811 Ergo

96 1823 218 1865 istius
243 1826 545 1880 conjurationis
579 1825 735 1866 crimen
762 1825 978 1865 defensum
1012 1825 1065 1865 ab
1096 1839 1144 1865 eo
1179 1830 1256 1875 est,
1289 1824 1358 1879 qui
1392 1823 1594 1870 interfuit,
1627 1822 1695 1876 qui

97 1890 306 1944 cognovit,
331 1891 399 1946 qui
421 1891 635 1946 particeps
656 1895 699 1931 et
725 1890 885 1931 consilii
912 1890 1043 1931 vestri
1070 1890 1150 1931 fuit
1183 1896 1226 1930 et
1253 1889 1429 1931 timoris.
1493 1888 1623 1942 Cujus
1654 1887 1694 1927 in

97 1955 175 1995 hoc
198 1955 367 1997 crimine
389 1956 671 2011 propulsando
694 1970 820 2010 quum
843 1960 955 1996 esset
977 1955 1265 2010 copiosissima
1281 1960 1407 2009 atque
1431 1954 1694 1995 ornatissima

97 2019 244 2071 oratio,
268 2026 409 2061 tamen
430 2035 513 2060 non
535 2020 671 2060 minus
692 2020 828 2061 inerat
857 2020 1124 2061 auctoritatis
1153 2020 1195 2059 in
1228 2034 1277 2060 ea
1310 2034 1434 2074 quam
1465 2018 1692 2059 facultatis.

101 2084 218 2125 Illius
249 2085 378 2140 igitur
399 2084 713 2140 conjurationis,
748 2099 854 2139 quae
883 2086 997 2126 facta
1019 2090 1167 2125 contra
1195 2099 1280 2133 vos,
1313 2084 1451 2125 delata
1477 2085 1531 2124 ad
1553 2099 1637 2130 vos,
1668 2098 1693 2123 a

140 2183 168 2212 si
195 2192 250 2221 eqo
275 2183 360 2222 sum]
404 2183 441 2213 T.
467 2183 507 2212 V.
537 2183 574 2213 B.
606 2182 712 2212 Halm.
773 2182 872 2212 Orelli

98 2225 154 2255 has
183 2227 230 2255 ‘si
255 2236 312 2265 ego
339 2227 395 2256 sim
410 2226 428 2262 ;'
461 2225 519 2255 but
543 2226 596 2255 the
622 2225 823 2265 subjunctive
846 2225 873 2254 is

98 2278 206 2307 wrong
222 2269 305 2305 herey
324 2269 339 2299 I
355 2269 457 2299 think.
505 2269 536 2299 It
558 2269 584 2298 is
608 2272 663 2298 not
683 2279 699 2297 a
717 2268 873 2307 supposed

961 2184 990 2212 4.
1014 2182 1154 2221 Lepido]
1182 2182 1220 2211 In
1246 2191 1311 2212 13.c.
1336 2183 1387 2211 66.
1435 2181 1493 2211 See
1516 2182 1570 2211 the
1587 2182 1692 2211 Intro-

918 2225 1045 2254 duction
1062 2229 1095 2254 to
1111 2225 1165 2254 the
1181 2226 1320 2254 orations
1336 2225 1458 2263 against
1474 2225 1619 2254 Catilina.

961 2268 1084 2307 creda]
1126 2268 1204 2297 This
1234 2268 1260 2297 is
1291 2268 1357 2297 said
1391 2269 1600 2307 sarcastically
1630 2268 1692 2297 and

99 2322 169 2341 0350
186 2315 193 2328 ‘
208 2312 233 2341 si
250 2312 331 2347 sim,’
350 2312 396 2341 ‘if
418 2312 433 2342 Ι
449 2322 530 2341 were
554 2316 586 2341 to
609 2311 649 2341 be
663 2311 681 2347 3'
706 2311 764 2340 but
788 2310 834 2340 ‘if
858 2311 871 2340 I

98 2365 147 2384 am
161 2355 180 2383 ε’
205 2355 232 2384 if
250 2355 319 2385 that
342 2355 406 2385 fact
429 2356 455 2384 is
479 2355 607 2390 certain,
632 2355 706 2383 then
727 2354 782 2384 the
799 2363 872 2383 cou-

99 2398 219 2427 clusion
235 2398 262 2428 is
278 2399 373 2438 plain.
422 2398 473 2428 He
495 2398 582 2433 adds,
601 2401 620 2414 ‘⁴
633 2397 689 2426 but
706 2398 731 2426 if
752 2397 766 2426 I
790 2407 839 2426 am
856 2407 874 2425 a

99 2450 172 2470 man
188 2441 258 2470 who
280 2441 335 2471 1135
360 2444 483 2480 respect
499 2444 532 2470 to
549 2441 603 2470 the
619 2439 735 2476 statc,''
752 2440 814 2469 and
839 2450 872 2468 so

99 2493 151 2518 on,
176 2484 253 2513 111011
274 2484 407 2513 another
422 2484 603 2514 conclusion
619 2484 645 2513 is
662 2484 758 2522 plain.
804 2482 874 2512 The

99 2529 106 2542 ¹
121 2526 200 2555 ratio
215 2527 259 2555 rei
276 2527 434 2566 publicae'
452 2528 478 2556 is
494 2527 615 2565 regard,
641 2536 675 2555 or
695 2529 817 2564 respect
840 2529 873 2554 to

96 2569 152 2598 the
175 2573 266 2599 state.
312 2570 380 2599 The
397 2570 574 2609 ‘opinionis
594 2568 732 2608 aliquid'
754 2570 780 2598 is
797 2578 870 2607 peo-

98 2611 177 2650 ple's
194 2612 274 2649 good
291 2613 418 2651 opinion
434 2613 469 2642 of
482 2612 558 2642 him.
596 2612 691 2642 Halm
710 2621 871 2651 compares

98 2655 174 2683 with
190 2654 253 2683 this
269 2665 288 2683 a
308 2665 436 2694 passage
460 2656 493 2684 in
517 2655 572 2685 the
594 2655 712 2685 Brutus
733 2654 773 2694 (c.
792 2656 870 2693 2!)):

99 2697 171 2726 “In
201 2697 308 2726 Scauri
335 2698 476 2727 oratioue
502 2698 651 2737 sapientis
677 2698 814 2727 hominis
840 2700 871 2726 ct

97 2740 174 2769 recti
198 2740 333 2777 gravitas
352 2750 475 2769 summa
495 2746 527 2770 et
543 2740 693 2770 naturalis
717 2739 869 2780 quaedam

98 2782 198 2811 inerat
214 2783 392 2819 3301011135,
414 2792 478 2812 11011
494 2787 529 2812 111
545 2794 670 2813 causam
687 2783 740 2813 sed
756 2787 792 2812 ut
808 2786 871 2812 105-

99 2825 266 2854 timonium
294 2825 397 2855 dicere
426 2829 564 2865 putares,
596 2836 693 2866 quum
724 2836 781 2866 pro
818 2835 871 2855 reo

98 2866 250 2899 diceret.”

849 2924 877 2948 M

918 2310 993 2339 with
1024 2320 1110 2340 some
1139 2311 1322 2349 expression
1353 2310 1388 2340 of
1414 2311 1567 2340 wounded
1592 2311 1691 2350 pride,

918 2354 986 2382 that
1011 2353 1050 2382 he
1072 2363 1090 2382 a
1107 2353 1284 2383 Praetorius
1300 2363 1362 2382 was
1387 2358 1443 2382 not
1466 2354 1629 2383 consulted
1651 2354 1691 2392 by

918 2396 1096 2434 Torquatus
1119 2407 1160 2425 on
1187 2397 1249 2426 this
1274 2397 1417 2426 occasion
1444 2396 1583 2435 (Halm).
1632 2397 1692 2426 His

920 2443 926 2455 ‘
938 2439 1069 2468 ambitio
1081 2438 1088 2451 '
1105 2439 1131 2468 is
1147 2439 1195 2468 his
1212 2440 1311 2468 active
1334 2449 1462 2469 canvass
1482 2440 1530 2469 for
1545 2440 1600 2469 the
1616 2449 1690 2468 con-

918 2482 1048 2521 sulship,
1065 2482 1119 2511 the
1135 2485 1222 2519 great
1238 2481 1342 2520 object
1357 2482 1391 2511 of
1409 2482 1457 2511 his
1473 2482 1611 2521 political
1627 2483 1689 2511 lise.

962 2525 1141 2563 defensum]
1179 2524 1248 2554 The
1274 2525 1386 2563 charge
1409 2526 1531 2563 against
1556 2525 1642 2554 Sulla
1660 2525 1695 2553 of

916 2568 1010 2606 being
1034 2568 1066 2596 in
1091 2568 1161 2605 that
1185 2568 1366 2606 conspiracy
1383 2577 1445 2596 was
1467 2567 1624 2597 answered
1650 2566 1690 2606 by

921 2611 1120 2645 Hortensius,
1139 2610 1208 2639 who
1224 2610 1313 2639 knew
1329 2610 1370 2638 all
1387 2610 1440 2639 the
1456 2610 1546 2639 facts.
1582 2611 1690 2639 Cicero

917 2653 979 2682 will
1003 2663 1132 2688 answer,
1160 2653 1245 2692 repel
1273 2652 1467 2692 (defendere)
1493 2653 1547 2681 the
1577 2652 1691 2690 charge

917 2697 1038 2735 against
1052 2696 1137 2725 Sulla
1149 2696 1183 2725 of
1196 2695 1290 2734 being
1302 2695 1441 2733 engaged
1457 2695 1489 2723 in
1506 2695 1559 2723 1110
1576 2695 1691 2724 second

916 2740 1117 2778 conspiracy:
1154 2739 1247 2768 “mei
1273 2738 1454 2767 consulatus
1478 2741 1582 2766 autem
1610 2741 1690 2766 tcm-

917 2792 975 2821 pus
997 2785 1028 2811 et
1045 2782 1162 2811 crimen
1188 2781 1342 2811 maximae
1366 2780 1592 2819 conjurationis
1607 2790 1625 2809 a
1640 2790 1690 2810 me

917 2824 1136 2855 defendetur.'’

913 2911 935 2937 ς)

913 2939 936 2949 ...ι
