2063 3242
306 137 388 179 222
624 135 803 178 ORAT.
838 135 959 178 PRO
993 136 1047 177 A.
1072 132 1311 177 LICINIO
1345 131 1587 176 ARCHIA

307 251 353 293 O.
380 249 582 299 Laelium,
620 250 669 292 L.
695 251 883 299 Furium,
915 248 1272 291 moderatissimos
1299 248 1490 290 homines
1524 253 1568 290 et
1600 247 1911 292 continentissi-

305 333 396 359 mos
414 336 425 365 ;
461 333 513 358 ex
535 318 612 358 hoc
626 317 901 358 fortissimum
924 315 1056 355 virum
1079 321 1122 356 et
1144 314 1222 357 illis
1240 315 1499 369 temporibus
1521 315 1823 366 doctissimum,
1850 317 1909 357 M.

306 384 508 426 Catonem
531 383 642 423 illum
666 397 833 429 senem,
870 381 938 435 qui
961 381 1165 435 profecto,
1189 380 1223 420 si
1247 380 1349 419 nihil
1371 380 1423 420 ad
1441 379 1752 434 percipiendam
1774 381 1913 421 colen-

305 450 485 504 damque
508 449 704 490 virtutem
735 447 888 488 litteris
919 447 1231 500 adjuvarentur,
1256 460 1481 503 qumquam
1510 461 1554 486 se
1577 446 1629 486 ad
1661 461 1803 486 earum
1824 451 1913 487 stu-

306 516 420 557 dium
443 515 731 556 contulissent.
795 513 916 564 Quod
931 512 965 552 si
988 526 1071 552 non
1092 511 1160 551 hic
1184 517 1329 552 tantus
1351 512 1513 551 fructus
1535 512 1842 561 ostenderetur,
1868 518 1912 553 et

305 582 341 623 si
374 596 425 622 ex
458 581 522 621 his
547 579 697 621 studiis
729 577 955 618 delectatio
989 576 1077 617 sola
1105 581 1331 632 peteretur,
1361 581 1518 624 tamen,
1542 586 1589 616 ut
1611 577 1768 631 opinor,
1803 577 1910 618 hanc

304 644 707 687 animadversionem
728 641 1073 683 humanissimam
1086 656 1135 682 ac
1153 641 1482 682 liberalissimam
1492 642 1756 696 judicaretis.
1801 642 1840 682 N
1843 657 1910 682 au]

306 717 472 754 ceterae
493 725 626 765 neque
648 714 882 764 temporum
920 713 1020 749 sunt
1042 722 1178 763 neque
1209 712 1400 748 aetatum
1431 708 1614 748 omnium
1636 723 1770 763 neque
1801 709 1910 749 loco-

305 793 424 823 rum;
458 781 504 817 at
519 777 619 816 haec
635 775 775 816 studia
795 774 1122 815 adolescentiam
1140 778 1285 828 agunt,
1310 778 1574 814 senectutem
1596 773 1824 822 oblectant,
1849 788 1910 814 se-

306 843 462 884 cundas
482 856 549 881 res
571 845 733 890 ornant,
758 840 943 880 adversis
965 839 1201 894 perfugium
1221 854 1270 880 ac
1294 838 1490 879 solatium
1509 839 1714 893 praebent
1732 856 1742 885 ;
1778 839 1912 880 delec-

305 913 400 950 tant
421 907 544 955 domi,
569 921 652 946 non
669 905 901 960 impediunt
922 904 1033 955 foris,
1058 909 1309 960 pernoctant
1327 904 1557 954 nobiscum,
1574 904 1909 959 peregrinantur,

306 974 578 1015 rusticantur.

366 1038 499 1078 VIII.
534 1037 655 1088 Quod
689 1036 723 1077 si
760 1036 838 1091 ipsi
874 1036 977 1076 haec
1011 1051 1145 1091 neque
1181 1036 1393 1091 attingere
1434 1050 1567 1090 neque
1600 1050 1721 1076 sensu
1764 1040 1910 1077 nostro

305 1108 478 1158 gustare
500 1117 729 1157 possemus,
760 1106 903 1142 tamen
925 1116 974 1142 ea
997 1101 1144 1146 mirari,
1162 1102 1421 1150 deberemus,
1446 1101 1572 1142 etiam
1606 1116 1732 1155 quum
1756 1100 1796 1141 in
1819 1101 1911 1142 aliis

305 1169 552 1210 videremus.
616 1167 719 1218 Quis
741 1172 929 1208 nostrum
951 1172 1039 1208 tam
1060 1167 1198 1207 animo
1220 1167 1377 1221 agresti
1399 1182 1448 1207 ac
1473 1168 1576 1208 duro
1598 1167 1677 1208 fuit
1699 1173 1746 1208 ut
1770 1167 1910 1208 Roscii

305 1240 440 1275 morte
473 1248 604 1287 nuper
639 1248 722 1272 non
751 1233 1113 1273 commoveretur?
1144 1232 1214 1287 qui
1246 1247 1373 1287 quum
1402 1238 1514 1273 esset
1545 1247 1674 1272 senex
1702 1239 1907 1282 mortuus,

305 1304 446 1340 tamen
472 1303 646 1353 propter
666 1297 941 1338 excellentem
974 1301 1109 1337 artem
1131 1312 1181 1338 ac
1203 1301 1467 1338 venustatem
1490 1297 1709 1338 videbatur
1742 1296 1910 1337 omnino

304 1365 408 1405 mori
430 1379 513 1404 non
535 1362 741 1403 debuisse.
805 1362 921 1411 Ergo
949 1362 1014 1402 ille
1047 1363 1236 1417 corporis
1272 1368 1388 1403 motu
1420 1367 1586 1403 tantum
1616 1377 1801 1402 amorem
1831 1362 1910 1402 sibi

305 1429 548 1472 conciliarat
569 1443 594 1468 a
615 1428 735 1468 nobis
757 1427 961 1476 omnibus,
986 1442 1062 1468 nos
1083 1428 1316 1468 animorum
1350 1427 1612 1468 incredibiles
1643 1433 1783 1468 motus
1805 1428 1911 1468 cele-

304 1496 556 1549 ritatemque
589 1493 851 1547 ingeniorum
881 1493 1171 1549 negligemus?
1235 1492 1411 1544 Quoties
1447 1508 1526 1548 ego
1563 1493 1673 1533 hunc
1707 1493 1910 1533 Archiam

304 1561 400 1610 vidi,
421 1560 597 1614 judiceS,
622 1565 716 1600 utar
738 1558 847 1598 enim
869 1564 1010 1599 vestra
1032 1558 1308 1613 benignitate,
1333 1558 1525 1613 quoniam
1548 1573 1614 1599 me
1639 1558 1680 1598 in
1702 1558 1781 1599 hoc
1804 1573 1910 1599 novo

304 1642 457 1682 genere
475 1624 639 1666 dicendi
661 1629 749 1665 tam
764 1624 985 1679 diligenter
1006 1624 1237 1673 attenditis,
1255 1624 1421 1678 quoties
1438 1639 1516 1679 ego
1538 1624 1647 1664 hunc
1670 1624 1763 1673 vidi,
1783 1639 1910 1678 quum

304 1693 490 1733 litteram
521 1690 760 1745 scripsisset
782 1689 947 1738 nullam,
978 1690 1176 1744 magnum
1203 1705 1421 1729 numerum
1443 1689 1695 1744 optimorum
1718 1704 1910 1729 versuum

306 1759 356 1798 de
385 1757 434 1797 iis
465 1756 567 1811 ipsis
598 1756 722 1795 rebus
744 1769 849 1809 quae
880 1760 971 1795 tum
1002 1759 1243 1809 agerentur,
1272 1754 1408 1795 dicere
1438 1770 1489 1795 ex
1511 1761 1711 1809 tempore,
1744 1754 1910 1809 quoties

305 1827 547 1864 revocatum
569 1820 743 1861 eandem
775 1835 862 1860 rem
884 1820 1033 1867 dicere,
1056 1819 1329 1861 commutatis
1354 1820 1490 1861 verbis
1515 1826 1641 1875 atque
1673 1820 1909 1861 sententiis.

1130 1978 1192 1998 was
1213 1968 1280 2007 just
1296 1967 1385 1998 dead.
1435 1968 1485 1998 He
1501 1967 1572 1997 died
1588 1968 1620 1997 in
1638 1976 1704 1997 13.c.
1728 1968 1778 1997 62.
1827 1967 1907 1997 Ros-

1130 2012 1196 2041 cius
1223 2011 1360 2041 excelled
1393 2011 1425 2040 in
1456 2016 1592 2050 gesture,
1624 2011 1657 2040 in
1688 2011 1741 2040 the
1771 2010 1907 2050 graceful

1131 2058 1310 2084 rnovement
1331 2054 1367 2083 of
1391 2055 1439 2084 his
1469 2054 1561 2093 body.
1610 2054 1661 2083 He
1677 2064 1738 2083 was
1765 2063 1799 2082 so
1822 2057 1909 2092 great

1130 2098 1161 2127 in
1185 2098 1232 2127 his
1259 2102 1308 2127 art
1331 2098 1401 2127 that
1427 2108 1488 2137 any
1516 2108 1589 2127 man
1617 2097 1687 2126 who
1714 2097 1850 2126 excelled
1876 2097 1908 2126 in

307 1969 409 2000 Greek
426 1969 516 1998 when
540 1969 580 1998 he
597 1979 658 1998 was
679 1968 730 1998 old
749 1967 873 2007 (Cicero
896 1968 946 1998 De
971 1967 1085 1998 Senec-

306 2017 386 2048 tute,
400 2023 426 2042 c.
448 2014 490 2042 li.
900 2028 902 2030 v

348 2055 669 2094 animadversionem]
733 2054 841 2084 Baiter
882 2054 944 2084 and
988 2054 1082 2084 Halm

304 2099 383 2128 have
400 2099 515 2128 ‘animi
540 2097 780 2133 1·ernissionem,’
806 2108 824 2127 a
851 2098 1031 2136 conjecture
1054 2098 1090 2127 of

306 2142 479 2172 Bonainici.
528 2145 534 2158 ‘
548 2141 786 2171 Animadversio
801 2141 808 2153 ’
826 2141 852 2170 is
865 2141 919 2170 the
932 2139 1085 2170 directio'n

305 2185 340 2214 of
363 2186 417 2214 the
446 2185 532 2214 mind
557 2189 589 2213 to
613 2195 652 2213 an
670 2184 784 2222 object,
801 2194 834 2213 as
855 2184 886 2213 in
905 2184 1014 2214 Cicero
1033 2184 1081 2213 De

305 2228 368 2257 Off.
393 2229 412 2257 i.
432 2238 457 2257 c.
477 2230 535 2258 29:
563 2231 581 2244 ‘⁴
598 2228 644 2257 Ex
670 2227 784 2266 quibus
801 2227 876 2256 illud
894 2227 1082 2265 intelligitur

304 2287 337 2292 —
348 2274 383 2300 ut
394 2271 431 2299 ad
442 2271 533 2299 officii
541 2270 672 2299 formam
686 2274 836 2299 revertam
842 2271 1083 2309 [ir—appetitus

304 2323 415 2342 omnes
439 2313 670 2342 contrahendos
694 2313 912 2352 sedandosque
936 2323 1013 2347 esse,
1031 2324 1083 2342 ex-

304 2356 524 2395 citandamque
534 2356 836 2385 aniinzulversionem
848 2360 879 2385 et
890 2356 1083 2394 diligentiam

304 2404 340 2429 ut
355 2410 395 2428 ne
412 2399 486 2438 quid
504 2403 621 2427 temere
637 2409 672 2427 ac
688 2399 829 2433 fortuito,
853 2399 1084 2428 inconsiderate

304 2443 561 2481 negligenterque
576 2441 739 2479 agamus.’'
798 2442 837 2471 G.
850 2442 885 2472 E.
902 2442 935 2471 P.
953 2442 991 2471 A.
1004 2442 1083 2471 have

305 2489 312 2502 ⁴
324 2484 650 2515 animadversionem.’

348 2529 593 2558 azlolaseentiatn
611 2526 739 2565 azynum]
792 2527 885 2556 Halm
903 2527 964 2556 and
975 2527 1083 2556 others

304 2571 383 2601 have
401 2575 406 2587 ‘
422 2570 535 2605 alunt‚'
559 2580 576 2598 a
594 2570 783 2605 conjecture.
832 2570 980 2599 Gulielin.
1010 2580 1081 2609 pro-

304 2614 401 2653 posed
433 2613 588 2643 ‘acuunt.'
647 2613 660 2641 I
694 2622 750 2641 can
787 2612 849 2641 find
887 2622 928 2641 no
961 2622 1014 2642 use
1050 2612 1087 2641 of

305 2661 312 2674 ⁴
324 2657 441 2697 agunt'
460 2657 583 2695 exat-ily
600 2656 661 2684 like
687 2656 759 2684 this..
808 2659 814 2671 ⁴
830 2655 939 2693 Agunt
951 2655 958 2668 ’
985 2655 1010 2684 is
1026 2666 1082 2694 op-

304 2701 402 2740 posed
430 2703 463 2729 to
490 2697 692 2734 ‘oblectantss
721 2698 781 2727 and
810 2698 944 2736 perhaps
968 2698 992 2727 it
1013 2709 1083 2736 may

305 2754 395 2773 mean
418 2743 507 2781 ‘give
532 2742 658 2780 activity
681 2740 737 2775 to‚’
763 2739 894 2769 ‘moves
944 2740 1083 2770 *Alunt'

304 2787 413 2816 makes
427 2796 466 2815 no
483 2785 661 2824 opposition
678 2788 711 2813 to
729 2788 735 2800 ‘
750 2781 934 2813 oblectant!

349 2831 379 2859 8.
403 2829 528 2868 Rom-ii]
588 2827 657 2858 The
688 2827 866 2857 Comoedus
900 2826 949 2855 for
979 2827 1082 2856 whom

305 2872 415 2902 Cicero
440 2871 595 2902 delivered
621 2881 640 2900 a
666 2870 780 2910 speech
807 2869 893 2909 (Vol.
912 2869 984 2910 IL).
1032 2869 1083 2899 He

1131 2141 1179 2170 his
1210 2141 1377 2180 particular
1414 2146 1471 2177 art,
1503 2151 1564 2170 was
1592 2140 1690 2169 called
1727 2151 1745 2169 a
1777 2140 1909 2169 Roscius
1961 2139 1964 2142 ’

1128 2184 1192 2223 (De
1214 2184 1270 2214 Or.
1296 2185 1316 2214 i.
1339 2194 1364 2213 c.
1389 2184 1455 2222 2⁸).
1502 2184 1638 2222 Though
1661 2184 1707 2213 his
1732 2193 1803 2222 eyes
1829 2193 1909 2212 were

1126 2238 1199 2266 very
1213 2228 1307 2256 much
1320 2237 1402 2266 awry
1421 2226 1686 2266 (perversissimi),
1704 2226 1744 2255 he
1757 2236 1818 2255 was
1835 2236 1909 2255 con-

1129 2271 1250 2300 sidered
1267 2270 1451 2300 handsome.

1173 2314 1279 2343 dicere
1294 2324 1334 2343 ex
1354 2311 1522 2351 temporem]
1573 2312 1604 2341 It
1620 2321 1681 2341 was
1698 2310 1850 2350 probably
1867 2311 1908 2350 by

1130 2356 1178 2385 his
1206 2366 1310 2395 power
1331 2355 1365 2385 of
1393 2360 1574 2393 extempore
1600 2355 1809 2393 composition
1837 2355 1907 2384 that

1129 2399 1260 2428 Archias
1274 2399 1364 2427 made
1375 2402 1501 2436 sogreat
1511 2408 1529 2427 a
1541 2398 1700 2426 sensation
1714 2398 1745 2426 in
1754 2397 1807 2426 the
1821 2398 1907 2426 cities

1128 2441 1228 2470 which
1240 2441 1279 2470 he
1288 2441 1408 2475 visited,
1417 2451 1450 2470 as
1461 2451 1478 2469 a
1488 2441 1592 2479 singer
1603 2441 1677 2469 does
1689 2450 1768 2469 now.
1798 2440 1907 2470 Cicero

1129 2484 1287 2514 mentions
1303 2494 1342 2513 an
1360 2484 1528 2522 Antipater
1548 2484 1583 2512 of
1605 2484 1712 2518 Sidon,
1729 2484 1798 2512 who
1815 2484 1907 2513 could

1128 2537 1208 2566 pour
1224 2530 1281 2556 out
1297 2531 1478 2565 extenipore
1494 2536 1596 2555 verses
1611 2526 1756 2564 (fundere
1773 2537 1809 2556 ex
1827 2530 1907 2555 tem-

1129 2569 1232 2609 pore).
1291 2570 1401 2599 Cicero
1426 2570 1568 2608 explains
1598 2570 1653 2598 the
1685 2580 1788 2608 power
1819 2570 1906 2599 well:

1129 2616 1282 2641 “tantum
1316 2613 1453 2642 hominis
1494 2613 1647 2651 ingeniosi
1687 2622 1723 2642 ac
1761 2613 1908 2642 memoris

1128 2656 1226 2684 valuit
1252 2656 1445 2690 exercitatio,
1478 2660 1513 2685 ut
1546 2666 1643 2695 quum
1673 2666 1705 2685 se
1737 2660 1842 2685 mente
1871 2665 1907 2685 ac

1129 2699 1293 2727 voluntate
1310 2699 1493 2737 conjecisset.
1509 2699 1539 2728 in
1554 2709 1677 2728 versum
1693 2698 1787 2728 verba
1797 2708 1908 2737 seque-

1129 2740 1269 2770 rentur’'
1300 2742 1364 2780 (De
1392 2743 1447 2771 Or.
1476 2742 1518 2771 iii.
1545 2742 1599 2779 50)
1659 2742 1835 2774 Quintilian
1862 2742 1906 2780 (x.

1128 2785 1158 2819 7,
1179 2783 1230 2823 19)
1256 2789 1318 2813 sets
1343 2795 1382 2814 no
1407 2790 1494 2821 great
1511 2786 1600 2814 value
1616 2794 1657 2813 on
1683 2785 1738 2814 the
1755 2794 1860 2823 power
1877 2783 1911 2812 of

1128 2827 1341 2866 improvising.
1389 2828 1566 2861 Quintilian
1581 2837 1653 2858 uses
1676 2828 1730 2858 the
1756 2827 1907 2866 adjective

1130 2873 1136 2886 ¹
1149 2869 1394 2909 extemporalis!
