2002 3235
745 172 878 214 GAP.
912 173 1094 215 29—31.
1644 175 1724 218 137

127 285 316 328 misereri
351 284 595 340 flagitium.'''
673 285 821 326 Nostri
858 290 1001 327 autem
1037 285 1106 335 illi,
1143 284 1311 326 fatebor
1346 285 1467 334 enim,
1506 285 1624 337 Cato,
1660 302 1726 328 me

129 367 294 407 quoque
322 352 363 392 in
395 350 679 392 adolescentia
710 351 889 391 diffisum
924 351 1090 406 ingenio
1125 365 1217 391 meo
1247 351 1459 406 quaesisse
1485 352 1728 405 adjumenta

129 418 358 466 doctrinae,
394 416 540 466 nostri,
574 416 757 471 inquam,
793 416 850 456 illi
886 431 911 456 a
946 415 1126 456 Platone
1159 422 1202 456 et
1238 415 1484 464 Aristotele,
1521 417 1728 459 moderati

127 482 317 522 homines
339 486 381 522 et
404 481 640 536 temperati,
677 481 796 522 aiunt
825 482 936 536 apud
965 481 1199 535 sapientem
1221 481 1356 521 valere
1381 480 1606 535 aliquando
1633 497 1726 537 gra—

127 546 252 599 tiam}
285 547 361 587 viri
389 546 485 587 boni
508 561 599 587 esse
621 546 833 587 misereri:
869 546 1071 587 distincta
1100 560 1192 587 esse
1223 561 1378 601 genera
1406 546 1654 587 delictorum
1685 553 1728 589 et

129 612 316 667 dispares
334 626 513 666 poenas;
541 626 633 652 esse
655 612 766 667 apud
788 611 999 652 hominem
1017 616 1283 652 constantem
1301 611 1544 666 ignoscendi
1566 612 1723 659 locum;

127 676 264 731 ipsum
298 676 531 731 sapientem
564 691 690 731 saepe
723 676 876 731 aliquid
910 676 1071 730 opinari
1103 676 1215 731 qupd
1247 676 1435 723 nesciat,
1471 676 1593 717 irasci
1626 691 1727 717 non-

127 757 378 796 numquam;
419 742 582 783 exorari
611 742 790 783 eundem
822 746 865 782 et
893 741 1078 797 placari;
1117 742 1228 796 quod
1258 741 1411 782 dixerit
1436 741 1659 792 interdum,
1694 742 1727 783 si

127 807 189 848 ita
224 807 382 849 rectius
415 807 482 858 sit,
516 812 710 855 mutare;
746 807 797 848 de
825 806 1039 848 sententia
1071 807 1271 848 decedere
1298 807 1550 861 aliquando3
1586 822 1729 848 omnes

126 871 306 914 virtutes
340 872 636 913 mediocritate
672 872 852 926 quadam
885 886 976 912 esse
1009 872 1259 912 moderatas.
1323 871 1515 912 XXXI.
1551 872 1645 913 Hos
1675 873 1730 913 ad

127 937 355 993 magistros
377 937 412 978 si
434 952 515 992 qua
537 942 579 978 te
601 937 781 987 fortuna,
818 935 937 987 Cato,
973 951 1069 977 cum
1096 937 1179 978 ista
1206 941 1359 977 natura
1380 936 1612 988 detulisset,
1646 952 1730 978 non

128 1007 176 1043 tu
216 1003 384 1057 quidem
417 1002 479 1043 vir
518 1002 664 1043 melior
703 1017 830 1053 esseS,
875 1017 952 1043 nec
989 1002 1149 1053 fortior,
1194 1017 1270 1043 nec
1303 1002 1619 1057 temperantior,
1653 1017 1729 1043 nec

122 1067 291 1122 justior,
317 1082 450 1122 neque
472 1067 584 1108 enim
605 1082 697 1108 esse
719 1072 852 1122 potes,
885 1068 960 1108 sed
990 1068 1128 1122 paullo
1155 1068 1208 1108 ad
1231 1067 1447 1109 lenitatem
1470 1068 1729 1123 propensior.

130 1132 226 1173 Non
257 1147 478 1173 accusares
510 1133 633 1174 nullis
659 1133 867 1173 adductus
896 1132 1138 1183 inimicitiis,
1167 1133 1278 1173 nulla
1310 1133 1532 1174 lacessitus
1566 1133 1727 1188 injuria,

127 1198 477 1253 pudentissimum
498 1198 721 1248 hominem,
754 1213 917 1238 summa
938 1198 1144 1253 dignitate
1173 1203 1299 1253 atque
1323 1198 1545 1239 honestate
1567 1198 1730 1252 praedi-

127 1268 245 1312 tum3
280 1268 466 1318 putares,
491 1278 619 1318 quum
642 1263 684 1303 in
713 1264 902 1317 ejusdem
930 1263 1029 1304 anni
1063 1263 1257 1304 custodia
1288 1267 1330 1304 te
1356 1267 1484 1318 atque
1512 1263 1560 1303 L.
1587 1263 1731 1303 Mure-

128 1344 224 1369 nam
246 1329 417 1369 fortuna
437 1328 660 1383 posuisset,
693 1328 831 1383 aliquo
859 1333 902 1369 te
929 1343 1024 1368 cum
1051 1328 1131 1368 hoc
1162 1328 1223 1368 rei
1244 1327 1432 1383 publicae
1453 1327 1617 1368 vinculo
1639 1342 1731 1368 esse

127 1393 426 1448 conjunctum,
462 1393 574 1448 quod
595 1393 797 1434 atrociter
818 1393 859 1433 in
881 1398 1031 1434 senatu
1054 1392 1209 1442 dixisti,
1240 1398 1315 1433 aut
1344 1408 1425 1433 non
1451 1393 1629 1433 dixisses
1657 1398 1732 1434 aut

128 1458 387 1513 seposuisses
420 1466 495 1498 aut
523 1458 733 1499 mitiorem
764 1458 806 1498 in
834 1463 999 1512 partem
1021 1457 1362 1512 interpretarer-e.
1425 1457 1493 1498 Ac
1516 1462 1558 1498 te
1580 1457 1729 1512 ipsum,

129 1529 335 1579 quantum
356 1538 435 1578 ego
458 1523 650 1579 opinione
672 1538 867 1578 auguror,
892 1537 1000 1563 nunc
1022 1528 1066 1564 et
1087 1522 1213 1563 animi
1235 1523 1416 1577 quodam
1446 1523 1604 1577 impetu
1636 1538 1732 1564 con-

130 1588 322 1639 citatum,
357 1594 400 1629 et
422 1589 460 1629 vi
482 1594 658 1630 naturae
680 1593 807 1643 atque
830 1587 985 1642 ingenii
1007 1587 1176 1638 elatum,
1211 1592 1254 1628 et
1275 1587 1512 1628 recentibus
1533 1602 1732 1643 praecep-

128 1659 270 1695 torum
291 1653 441 1695 studiis
462 1653 713 1709 fiagrantem
739 1654 828 1707 jam
859 1667 961 1693 usus
994 1652 1150 1703 flectet,
1187 1652 1275 1693 dies
1303 1652 1443 1702 leniet,
1479 1658 1596 1693 aetas
1623 1653 1733 1694 miti-

129 1719 260 1775 gabit.
315 1718 486 1759 Etenim
509 1719 581 1759 isti
603 1718 680 1773 ipsi
703 1718 800 1758 mihi
824 1718 1019 1759 videntur
1037 1718 1164 1758 vestri
1186 1722 1478 1772 praeceptores
1500 1722 1542 1758 et
1564 1718 1733 1759 virtutis

129 1785 321 1840 magistri
354 1784 458 1825 fines
492 1784 721 1824 officiorum
751 1783 888 1838 paullo
920 1783 1086 1837 longius
1118 1798 1242 1838 quam
1274 1788 1424 1823 natura
1445 1782 1568 1823 vellet
1589 1789 1733 1838 protu-

130 1849 247 1899 lisse,
270 1856 329 1901 ut,
361 1864 490 1904 quum
514 1849 568 1889 ad
596 1849 789 1890 ultimum
820 1848 959 1889 animo
991 1848 1367 1898 contendissemus,
1402 1847 1457 1888 ibi
1490 1854 1633 1889 tamen
1663 1848 1735 1889 ubi

131 1920 346 1971 oporteret
378 1915 717 1956 consisteremus.
783 1917 807 1934 ‘²
826 1913 940 1953 Nihil
971 1913 1218 1967 ignoveris.”
1282 1912 1416 1953 Immo
1448 1913 1617 1967 aliquid,
1650 1928 1734 1954 non

132 1981 282 2022 omnia.
347 1980 505 2020 “Nihil
540 1980 700 2034 gratiae
733 1993 883 2020 caussa
918 1978 1108 2020 feeerisJ’
1172 1977 1306 2018 Immo
1338 1978 1523 2019 resistito
1559 1979 1731 2033 gratiae,

133 2061 260 2100 quum
296 2045 476 2086 officium
512 2050 556 2085 et
588 2045 693 2084 fides
728 2044 973 2099 postulabit.
1038 2043 1377 2084 “Misericordia
1412 2050 1647 2085 commotus
1683 2060 1735 2085 ne

133 2111 231 2152 sis.'q
293 2110 436 2151 Etiam
465 2109 506 2149 in
529 2109 792 2149 dissolvenda
821 2108 1071 2155 severitate;
1107 2108 1181 2148 sed
1210 2112 1350 2148 tamen
1382 2115 1447 2150 est
1478 2109 1567 2150 laus
1598 2110 1736 2165 aliqua

177 2258 401 2288 mediocritate
432 2255 586 2296 quadam]
636 2255 748 2285 Virtue
773 2255 830 2285 lies
856 2255 910 2285 be-

134 2305 235 2332 tween
262 2305 323 2330 two
348 2304 523 2330 extremes:
556 2309 589 2328 as
613 2308 746 2337 courage
770 2299 911 2328 between

135 2344 305 2375 cowardice
321 2343 384 2373 and
399 2343 556 2372 rashness.
605 2342 762 2378 Μεσότης
780 2353 830 2377 τις
846 2342 911 2380 ἄρα

135 2387 228 2418 ἐστὶν
260 2386 279 2423 ἡ
311 2386 415 2425 (iperi)
444 2384 650 2425 στοχαστικὴ
683 2383 712 2424 γ’
739 2383 823 2415 οὖσα
855 2385 913 2414 τοῦ

135 2429 246 2471 μέσου.
276 2429 423 2467 (Aristot.
442 2429 516 2458 Eth.
535 2428 607 2458 Nic.
625 2428 656 2457 ii.
675 2427 720 2466 6.)

179 2474 230 2502 31.
256 2473 394 2511 ejusdem
421 2471 513 2510 anui]
565 2471 701 2500 Murena
728 2480 761 2499 as
789 2469 910 2505 consul,

137 2515 216 2545 Cato
241 2525 274 2545 as
299 2519 337 2545 tr.
362 2515 458 2554 pl.-—‘
471 2518 526 2543 aut
550 2512 774 2553 seposuisses?
799 2513 862 2542 this
886 2513 911 2541 is

135 2562 192 2588 not
222 2558 314 2588 clear.
374 2558 510 2587 Various
540 2560 692 2595 attempts
724 2556 801 2586 have
832 2556 911 2585 been

136 2601 228 2630 made
244 2605 276 2630 to
294 2600 388 2629 mend
412 2601 446 2629 it.
493 2600 562 2629 The
586 2600 733 2637 meaning
757 2609 857 2628 seems
881 2603 914 2627 to

135 2643 176 2673 be
192 2644 262 2673 that
282 2653 344 2682 you
360 2643 462 2672 would
486 2643 585 2672 either
608 2647 665 2671 not
689 2642 766 2671 have
790 2641 915 2671 uttered

136 2687 192 2716 the
207 2687 324 2724 things,
336 2696 371 2715 οι·
386 2696 447 2724 you
464 2686 567 2714 would
583 2685 662 2714 have
678 2686 754 2724 kept
770 2685 857 2714 them
874 2694 915 2713 on

137 2739 198 2759 one
214 2729 290 2764 side,
307 2732 362 2758 out
378 2728 413 2757 of
424 2729 478 2758 the
495 2738 572 2767 way.

182 2773 279 2802 vestri
304 2771 544 2809 praeceptor-av]
597 2771 646 2800 He
663 2770 754 2800 could
775 2773 831 2799 not
847 2770 916 2799 well

138 2815 219 2845 have
246 2814 310 2843 said
343 2813 435 2843 ‘tui'
484 2814 534 2843 He
561 2823 632 2852 says
660 2816 757 2853 ‘your
784 2817 915 2842 masters

139 2857 200 2887 and
224 2867 303 2896 your
326 2855 465 2892 friends,’
483 2856 630 2894 meaning
652 2856 706 2885 the
730 2859 861 2886 masters
884 2855 920 2885 of

141 2899 220 2930 Cato
236 2899 299 2929 and
310 2899 401 2929 those
413 2899 483 2929 who
493 2908 573 2929 were
585 2899 621 2928 of
634 2898 742 2929 Cato's
758 2899 914 2938 opinions.

994 2255 1183 2293 protulisse,
1208 2254 1273 2294 uh]
1311 2255 1388 2285 This
1417 2254 1491 2285 ‘ut'
1515 2259 1659 2295 presents
1682 2257 1737 2287 the

957 2308 1042 2327 same
1067 2297 1219 2336 difficulty
1238 2308 1272 2326 as
1298 2298 1462 2335 ‘ita—ut,’
1482 2309 1507 2328 c.
1526 2301 1585 2328 28:
1613 2303 1632 2316 ‘⁴
1647 2300 1737 2329 Your

958 2341 1099 2370 teachers
1126 2340 1205 2369 have
1236 2341 1392 2370 extended
1417 2342 1470 2371 the
1494 2342 1681 2372 boundaries
1704 2343 1740 2372 of

958 2394 1015 2413 our
1047 2383 1145 2412 moral
1177 2383 1279 2412 (luties
1317 2385 1490 2414 somewhat
1521 2384 1643 2424 beyond
1681 2386 1737 2415 the

958 2427 1081 2455 natural
1095 2426 1202 2461 limus,
1214 2426 1360 2465 meaning
1373 2427 1516 2457 however
1532 2428 1601 2457 that
1614 2429 1736 2467 though

956 2479 1019 2508 you
1036 2468 1148 2498 should
1173 2479 1212 2506 go
1236 2471 1269 2497 10
1286 2469 1340 2498 the
1356 2479 1430 2509 very
1446 2474 1585 2499 extreme
1609 2472 1641 2500 in
1665 2482 1735 2510 spe-

957 2512 1105 2546 cuhrtion,
1123 2521 1184 2550 you
1201 2511 1315 2540 should
1337 2515 1407 2551 stop
1424 2513 1455 2541 in
1481 2514 1616 2552 practice
1632 2517 1662 2543 at
1682 2514 1737 2543 the

957 2565 1071 2594 proper
1097 2553 1222 2593 point.”
1269 2554 1443 2584 Lambinus
1467 2556 1623 2594 preferred
1651 2559 1737 2585 ‘non

959 2596 1224 2633 consisteremuS,'
1256 2597 1358 2626 which
1388 2598 1415 2627 is
1442 2602 1587 2638 contrary
1618 2602 1651 2628 to
1683 2599 1736 2628 the

960 2651 1116 2678 meamng.

1003 2682 1273 2721 cmc.s·safeceris.]
1325 2682 1417 2711 Some
1430 2682 1523 2712 MSS.
1543 2683 1621 2712 have
1639 2686 1646 2699 ‘
1661 2694 1736 2713 con-

960 2725 1091 2762 feceris‚'
1121 2726 1159 2755 G.
1185 2725 1239 2754 has
1265 2729 1355 2754 ‘cum
1379 2724 1511 2754 feceris)
1557 2726 1633 2755 Two
1659 2726 1737 2756 have

962 2773 968 2787 ⁶
984 2768 1194 2799 concesseris!
1243 2768 1337 2797 Halm
1355 2767 1410 2796 has
1429 2772 1435 2783 ⁸
1448 2767 1600 2797 cesseris!

1004 2813 1115 2841 Etiam
1147 2812 1179 2840 in
1216 2811 1428 2849 dissolremla]
1491 2810 1560 2839 The
1595 2811 1737 2842 doctrine

962 2858 969 2872 ‘
981 2855 1060 2884 nihil
1083 2853 1261 2893 ignoveris‚'
1280 2857 1286 2870 ‘
1300 2853 1377 2882 nihil
1396 2853 1513 2891 gratiae
1530 2864 1638 2883 caussa
1654 2854 1736 2884 fecc-

960 2897 1025 2935 ris,’
1049 2898 1075 2927 is
1101 2896 1260 2927 corrected
1288 2896 1329 2936 by
1355 2896 1409 2925 the
1436 2905 1556 2926 answer
1587 2896 1736 2934 ‘Immo,’
