2063 3242
286 208 374 250 416
762 206 946 250 ΟΒΑΤ.
976 205 1063 249 DE
1096 204 1278 250 DOMO
1310 204 1438 248 SUA

286 336 382 364 esse
408 322 525 375 dicis,
558 321 674 379 quod
702 336 789 364 uno
820 321 1095 365 adolescente
1126 336 1254 379 quam
1288 321 1402 379 quod
1437 319 1637 364 contione
1667 324 1764 364 tota
1791 326 1907 365 teste

285 387 459 430 fecisti?

345 453 528 496 XLIX.
571 453 797 496 Dedicatio
831 467 1044 510 magnam,
1074 452 1227 509 inquit,
1263 453 1395 496 habet
1428 452 1689 509 religionem.
1751 452 1906 495 Nonne

285 520 407 562 vobis
439 520 579 561 Numa
616 519 853 576 Pompilius
873 519 1044 561 videtur
1073 518 1216 575 loqui?
1277 519 1446 561 Discite
1478 519 1727 569 orationem,
1764 519 1906 575 ponti-

284 585 401 635 fices,
433 592 479 628 et
511 600 587 627 vos
617 585 836 627 flamines:
870 584 1002 627 etiam
1033 591 1095 634 tu,
1128 598 1221 635 rex,
1256 584 1371 626 disce
1401 600 1427 626 a
1451 584 1602 640 gentili
1636 590 1723 636 tuo,
1759 599 1907 640 quam-

284 666 411 708 quam
426 651 494 693 ille
509 658 683 707 gentem
698 650 826 693 istam
844 650 1016 707 reliquit
1034 669 1046 701 ;
1080 651 1158 692 sed
1178 656 1322 693 tamen
1339 650 1456 692 disce
1476 651 1530 691 ab
1550 649 1719 692 homine
1739 650 1906 707 religio-

283 718 409 760 nibus
428 718 573 759 dedito
603 717 676 772 jus
700 722 844 759 totum
878 717 1067 758 omnium
1098 716 1364 772 religionum.
1426 715 1538 768 Quid
1558 715 1602 757 in
1623 715 1904 768 dedicatione,

282 798 423 826 nonne
453 789 496 825 et
517 783 612 839 quis
633 783 738 824 dicit
759 789 804 825 et
825 783 926 839 quid
948 788 993 825 et
1014 782 1227 839 quomodo
1247 781 1493 838 quaeritur?
1553 781 1626 822 An
1648 787 1695 823 tu
1715 781 1822 824 haec
1842 782 1905 824 ita

281 849 505 891 confundis
535 855 579 891 et
600 848 839 905 perturbas,
871 853 933 899 ut,
966 848 1220 904 quicumque
1250 847 1365 897 velit,
1399 847 1513 904 quod
1545 847 1658 897 velit,
1692 848 1904 904 quomodo

281 915 396 965 velit,
419 915 554 971 possit
576 915 802 956 dedicare?
863 914 968 968 Quis
998 928 1094 956 eras
1114 920 1162 956 tu
1184 913 1256 970 qui
1292 914 1550 956 dedicabasss
1579 928 1664 970 quo
1679 914 1788 969 jure,
1821 928 1906 970 qua

281 980 388 1037 lege,
411 995 499 1037 quo
517 980 722 1037 exemplo,
746 995 830 1036 qua
850 985 1079 1036 potestate,
1109 979 1182 1021 ubi
1218 986 1264 1022 te
1286 979 1359 1021 isti
1380 979 1440 1021 rei
1471 979 1653 1036 populus
1684 979 1905 1021 Romanus

281 1047 576 1103 praefecerat?
649 1046 790 1088 Video
820 1046 933 1088 enim
964 1060 1059 1087 esse
1090 1044 1230 1102 legem
1262 1054 1450 1088 veterem
1485 1044 1758 1087 tribuniciam
1794 1059 1903 1101 quae

280 1119 399 1155 vetet
421 1113 585 1169 injussu
615 1112 750 1169 plebis
783 1111 925 1161 aedes,
948 1117 1121 1162 terram,
1155 1125 1274 1152 aram
1304 1125 1568 1154 consecrare.
1632 1110 1780 1167 Neque
1809 1116 1902 1153 tum

280 1178 362 1221 hoc
384 1178 452 1220 ille
489 1179 540 1231 Q.
564 1178 773 1234 Papirius,
796 1176 867 1233 qui
888 1176 998 1217 hanc
1033 1176 1172 1231 legem
1207 1176 1389 1233 rogavit,
1412 1176 1559 1227 sensit,
1596 1190 1732 1232 neque
1765 1176 1902 1232 suspi-

281 1251 403 1287 catus
423 1251 490 1286 est
519 1244 609 1285 fore
637 1242 879 1299 periculum,
903 1256 957 1284 ne
984 1241 1195 1284 domicilia
1215 1248 1290 1284 aut
1312 1241 1602 1298 possessiones
1634 1241 1902 1284 indemnato-

280 1326 373 1353 rum
395 1310 549 1353 civium
576 1315 940 1352 consecrarentur.
1002 1307 1150 1364 Neque
1176 1307 1290 1350 enim
1321 1308 1364 1350 id
1398 1308 1491 1350 fieri
1526 1308 1590 1350 fas
1624 1313 1730 1360 erat,
1762 1323 1900 1366 neque

280 1377 502 1433 quisquam
541 1376 716 1426 fecerat,
758 1390 894 1431 neque
930 1382 1023 1417 erat
1063 1387 1226 1426 caussa,
1271 1388 1348 1416 cur
1387 1374 1648 1431 prohibendo
1688 1389 1774 1416 non
1810 1381 1898 1417 tam

280 1443 496 1484 deterrere
536 1442 750 1484 videretur
789 1455 916 1498 quam
956 1440 1195 1482 admonere.
1273 1440 1357 1482 Sed
1398 1440 1497 1496 quia
1537 1440 1900 1483 consecrabantur

278 1508 420 1557 aedes,
443 1523 528 1550 non
560 1507 822 1564 privatorum
843 1505 1067 1556 domicilia,
1093 1505 1168 1547 sed
1189 1520 1297 1562 quae
1317 1520 1463 1548 sacrae
1495 1506 1779 1556 nominantur,
1801 1521 1899 1548 con-

279 1575 558 1617 secrabantur
591 1573 696 1629 agri,
726 1587 811 1614 non
844 1571 905 1614 ita
933 1578 984 1614 ut
1011 1577 1160 1614 nostra
1190 1571 1374 1628 praedia,
1407 1571 1441 1613 si
1472 1571 1544 1628 qui
1575 1571 1714 1623 vellet,
1744 1572 1820 1614 sed
1850 1578 1900 1615 ut

278 1639 510 1696 imperator
529 1653 658 1695 agros
678 1638 730 1680 de
750 1638 947 1680 hostibus
978 1644 1127 1694 captos
1151 1643 1436 1688 consecraret,
1471 1638 1776 1681 statuebantur
1798 1652 1898 1680 arae

278 1721 387 1763 quae
422 1705 668 1761 religionem
697 1705 897 1747 afferrent
926 1703 1056 1760 ipsae,
1079 1703 1115 1745 si
1148 1703 1242 1746 loco
1278 1709 1424 1745 essent
1456 1709 1744 1755 consecratae,
1777 1704 1896 1756 haec,

277 1772 357 1814 nisi
381 1771 499 1828 pleb-s
513 1771 725 1827 jussisset,
757 1770 846 1812 fieri
869 1769 1019 1812 vetuit.
1081 1769 1200 1823 Quae
1227 1768 1262 1810 si
1284 1776 1332 1812 tu
1352 1768 1647 1825 interpretaris
1667 1769 1719 1811 de
1740 1769 1899 1812 nostris

276 1839 456 1880 aedibus
476 1846 607 1894 atque
627 1837 742 1893 agris
762 1836 923 1892 scripta
944 1849 1050 1886 esse,
1074 1849 1159 1876 non
1179 1849 1394 1890 repugno:
1428 1834 1504 1876 sed
1520 1849 1677 1891 quaero
1698 1850 1807 1891 quae
1827 1835 1898 1878 lex

278 1903 368 1946 lata
391 1904 463 1954 sit,
485 1909 534 1945 ut
554 1910 602 1945 tu
623 1902 750 1944 aedes
784 1915 903 1943 meas
934 1914 1220 1951 consecrares,
1251 1899 1321 1941 ubi
1343 1899 1421 1941 tibi
1447 1899 1552 1942 haec
1576 1907 1772 1956 potestas
1794 1901 1898 1944 data

277 1969 347 2020 sit,
370 1983 454 2024 quo
483 1969 581 2024 jure
610 1967 775 2009 seceris.
836 1966 986 2022 Neque
1022 1979 1102 2022 ego
1135 1979 1246 2007 nunc
1276 1965 1328 2006 de
1358 1964 1574 2021 religione,
1598 1966 1673 2007 sed
1701 1966 1753 2008 de
1774 1966 1897 2009 bonis

278 2033 465 2076 omnium
495 2039 702 2083 nostrum,
734 2046 814 2074 nec
844 2032 897 2073 de
933 2030 1163 2088 pontificio,
1196 2031 1270 2072 sed
1301 2030 1353 2073 de
1380 2031 1477 2087 jure
1511 2030 1677 2087 publico
1707 2032 1895 2089 disputo.

281 2099 332 2141 L.
363 2099 454 2141 Lex
477 2098 650 2155 Papiria
670 2104 790 2140 vetat
805 2097 932 2139 aedes
954 2097 1114 2152 injussu
1130 2095 1265 2152 plebis
1286 2096 1539 2138 consecrari.
1603 2097 1669 2140 Sit
1688 2112 1791 2141 sane
1811 2099 1895 2142 hoc

278 2166 331 2208 de
366 2165 525 2208 nostris
558 2165 734 2208 aedibus
764 2179 816 2207 ac
856 2178 941 2206 non
982 2163 1034 2206 de
1069 2162 1251 2220 publicis
1287 2162 1470 2219 templis.
1531 2162 1677 2205 Unum
1716 2164 1895 2207 ostende

1106 2310 1185 2351 46)=
1211 2311 1232 2328 “
1243 2319 1282 2341 ex
1305 2308 1492 2340 auctoritate
1512 2312 1642 2341 senatus
1660 2308 1763 2340 latum
1778 2308 1818 2340 ad
1834 2317 1894 2350 po-

322 2315 376 2345 49.
391 2312 480 2353 razn]
501 2311 564 2343 “L.
573 2311 724 2343 Claudius
734 2320 790 2342 rex
803 2309 1000 2348 sacrorum,”
1012 2310 1063 2341 De

1106 2354 1218 2394 pulum
1242 2357 1291 2384 eat
1306 2363 1346 2383 ne
1362 2353 1434 2394 quis
1449 2352 1605 2393 templum
1627 2362 1754 2383 aramve
1768 2352 1893 2392 injussu

279 2355 421 2396 Haruap.
435 2366 462 2386 c.
474 2357 506 2387 6.
530 2355 627 2386 “The
646 2355 805 2386 flaminea
817 2364 898 2385 were
913 2359 1061 2395 present3

277 2398 318 2431 L.
336 2399 503 2437 Lentulus,
519 2399 575 2429 the
591 2399 720 2429 Flamen
737 2398 775 2429 os
791 2398 893 2434 Mars,
909 2397 970 2428 and
989 2397 1061 2428 Sex.

278 2442 406 2482 Caesar,
422 2443 477 2472 the
500 2442 630 2472 Flamen
654 2442 691 2472 of
709 2440 894 2476 Quirinus''
920 2440 1062 2482 (Klotz).

276 2487 393 2526 —‘ju.2
408 2490 510 2516 totum
523 2485 543 2515 ε’
566 2486 630 2516 this
653 2486 680 2516 is
697 2485 752 2515 the
767 2485 906 2524 genuine
920 2484 1061 2523 reading,

276 2529 310 2561 in
331 2530 420 2570 plaee
435 2528 471 2559 of
490 2529 591 2559 which
615 2529 705 2559 there
720 2529 746 2559 is
768 2529 800 2559 in
825 2532 911 2559 most
924 2527 1062 2558 editions

278 2574 394 2613 quw),
417 2577 486 2602 tum
512 2573 654 2601 omniurn
680 2572 868 2611 religionum
891 2570 1062 2611 perito!—

280 2620 289 2634 ‘
299 2617 371 2658 quis
386 2616 464 2646 dicit
475 2614 496 2645 ε’
521 2618 528 2632 ‘
540 2616 611 2654 quis
627 2615 771 2650 delitam
790 2613 925 2645 ssaiaer’s
938 2623 1060 2645 eorrec-

277 2660 358 2691 tion.
404 2658 497 2689 Wolf
519 2659 666 2688 observes
690 2660 761 2688 that
786 2658 912 2688 Ernesti
942 2657 1060 2697 prefers

278 2701 407 2741 ‘dicat,'
431 2702 532 2732 whieh
561 2702 663 2731 would
692 2702 731 2731 be
758 2700 897 2731 Cieero’s
922 2700 1002 2731 form
1029 2701 1065 2731 af

278 2747 414 2788 spcmch3
440 2745 500 2776 but
515 2745 587 2775 that
602 2745 656 2774 the
671 2745 838 2774 inclimtive
862 2745 888 2774 is
907 2749 964 2774 not
979 2744 1060 2774 alto-

276 2791 391 2830 gether
405 2794 439 2820 at
450 2789 594 2819 varianae
604 2788 679 2818 with
695 2788 750 2817 the
768 2797 862 2826 usage
877 2787 913 2817 of
925 2788 979 2817 the
994 2787 1060 2817 sto-

277 2835 436 2864 rnanss—‘
447 2840 631 2863 consecrare
641 2829 662 2861 ι’
687 2834 696 2847 ⁴
707 2830 905 2867 mnsam&
924 2830 1042 2861 Baiter.

326 2878 364 2914 Q„
381 2875 567 2916 Papirium]
615 2873 763 2913 Nothing
786 2883 874 2903 more
895 2874 923 2903 is
944 2874 1059 2904 known

276 2919 312 2952 of
334 2920 399 2951 this
414 2919 482 2950 Lex
499 2917 634 2959 Papiria.
680 2916 712 2948 It
726 2916 753 2948 is
768 2917 927 2957 supposed
942 2918 1014 2947 that
1036 2916 1062 2947 it

277 2973 351 3004 may
375 2964 416 2994 be
444 2962 500 2994 the
526 2961 593 2993 Lex
620 2959 804 2993 mentioned
828 2960 870 3000 by
894 2959 974 3000 Livy
1002 2959 1059 3001 (ix.

1107 2400 1238 2428 senatus
1252 2400 1308 2427 aut
1323 2396 1522 2427 tribunorum
1536 2395 1639 2436 plebei
1651 2395 1751 2436 partis
1763 2395 1893 2435 majoris

1107 2438 1302 2471 dedicaret.”
1330 2439 1396 2470 But
1405 2440 1481 2470 here
1490 2439 1515 2470 it
1527 2440 1553 2469 is
1564 2439 1630 2469 said
1643 2439 1686 2480 (c.
1698 2439 1772 2480 50):
1790 2441 1810 2457 ‘⁴
1823 2439 1892 2470 Lex

1108 2483 1232 2523 Papiria
1261 2486 1349 2514 vetat
1376 2483 1470 2513 aedes
1498 2482 1620 2522 injussu
1651 2481 1755 2522 plebis
1780 2491 1892 2514 conse·

1106 2527 1185 2558 erari
1196 2525 1229 2564 3¹¹
1252 2536 1272 2557 a
1286 2535 1362 2566 very
1377 2525 1519 2565 unlikely
1535 2528 1729 2556 enactment.

1149 2571 1248 2610 iprae,
1266 2564 1273 2571 '
1284 2568 1329 2609 ai]
1390 2568 1605 2608 Nssigelsbach,
1645 2568 1764 2600 Baiter.
1819 2567 1891 2600 The

1106 2622 1253 2643 common
1270 2615 1340 2643 text
1354 2611 1381 2642 is
1398 2615 1405 2629 ‘
1416 2612 1486 2652 ipso
1502 2610 1552 2642 si)
1589 2611 1683 2642 Wolf
1694 2621 1766 2652 says
1777 2611 1814 2642 of
1825 2612 1890 2643 this

1105 2660 1266 2693 sentence,
1284 2658 1293 2673 ‘
1304 2665 1366 2685 non
1384 2655 1428 2685 ita
1444 2659 1480 2685 ut
1492 2678 1500 2685 .
1515 2678 1522 2685 .
1538 2677 1545 2685 .
1558 2656 1660 2686 vetuit
1671 2654 1691 2685 ε’
1718 2655 1812 2686 “Hie
1824 2665 1889 2687 non

1105 2700 1180 2731 satis
1211 2703 1260 2729 est
1295 2698 1419 2738 singula
1449 2698 1546 2729 verba
1580 2698 1822 2739 reprehendere,
1852 2701 1890 2730 ut

1106 2743 1259 2774 Graevius
1275 2741 1349 2772 fecit
1364 2747 1397 2772 et
1410 2742 1596 2772 Ernestins:
1618 2741 1784 2772 universus
1800 2742 1888 2773 locus

1105 2790 1137 2817 et
1152 2785 1310 2816 sententia
1325 2789 1357 2815 et
1373 2786 1607 2816 ‹mxime-tione
1623 2785 1736 2815 misere
1751 2784 1886 2816 laborat.

1106 2829 1167 2859 Sed
1190 2829 1270 2859 nihil
1293 2828 1331 2859 ad
1352 2829 1457 2859 vivum
1480 2837 1599 2865 reseco,
1616 2833 1734 2859 nausea
1748 2826 1886 2859 victus.”

1104 2872 1192 2904 who
1207 2871 1283 2902 does
1299 2875 1357 2902 not
1371 2871 1431 2902 feel
1446 2870 1512 2902 this
1527 2871 1671 2902 nausea?
1707 2870 1760 2902 He
1775 2870 1886 2911 begins

1105 2915 1196 2956 again
1206 2915 1281 2946 with
1299 2915 1348 2946 his
1359 2914 1484 2946 tedicus
1495 2914 1591 2952 stuff3
1613 2913 1676 2945 and
1688 2923 1760 2955 says
1774 2913 1801 2944 it
1811 2923 1887 2946 ovet

1104 2959 1216 3000 again:
1242 2961 1263 2977 ‘¹
1276 2957 1324 2990 Sit
1339 2967 1416 2990 sane
1431 2958 1494 2990 hoc
1508 2957 1548 2989 de
1563 2956 1681 2989 nostris
1695 2955 1863 2989 aedibusl’
