2063 3242
247 181 332 220 4⁶20
727 173 907 216 ORAT.
941 173 1023 215 DE
1056 171 1238 215 DOMO
1273 170 1395 213 SUA

250 293 322 349 qui
352 292 596 334 existimare
617 289 754 346 possit
786 289 884 330 huic
919 303 1028 330 novo
1058 286 1247 344 pontifici
1269 286 1448 343 primam
1479 284 1587 326 hanc
1608 289 1704 341 post
1724 300 1845 328 sacer

251 359 415 401 dotium
451 358 601 399 initum
638 356 882 411 religionem
918 353 1159 395 instituenti
1199 367 1427 407 vocemque
1467 351 1654 392 mittenti
1696 366 1779 392 non
1820 356 1864 393 et

249 426 436 481 linguam
469 423 729 466 obmutuisse
762 426 806 463 et
826 435 998 461 manum
1030 419 1296 475 obtorpuisse
1319 423 1363 460 et
1383 422 1569 459 mentem
1600 416 1864 458 debilitatam

250 498 369 533 metu
391 490 634 539 concidisse,
659 486 907 544 praesertim
930 500 1057 541 quum
1078 500 1130 526 ex
1153 484 1329 540 collegio
1352 488 1474 525 tanto
1496 497 1579 523 non
1601 497 1757 538 regem,
1780 497 1865 523 non

251 557 473 607 flaminem,
508 570 593 597 non
624 552 868 609 pontificem
898 551 1074 600 videret,
1107 550 1279 606 fierique
1310 549 1524 605 particeps
1554 548 1710 589 invitus
1741 547 1865 589 alieni

252 622 421 664 sceleris
459 624 697 677 cogeretur,
731 623 774 659 ct
805 616 1075 673 gravissimas
1111 630 1267 672 poenas
1302 614 1521 656 affinitatis
1556 614 1863 669 impurissimae

252 689 481 730 sustineret
498 688 511 728 ἓ

316 754 443 794 LIII.
478 753 562 794 Sed
585 757 633 794 ut
654 756 843 793 revertar
864 750 918 791 ad
941 750 1014 805 jus
1035 748 1247 805 publicum
1269 746 1501 797 dedicandi,
1527 746 1639 802 quod
1667 745 1744 802 ipsi
1766 761 1866 802 pon-

254 819 392 861 tifices
413 834 578 874 semper
600 832 684 858 non
705 817 839 858 solum
866 816 919 857 ad
953 830 1053 857 suas
1074 813 1363 860 caerimoniam,
1386 813 1459 854 sed
1486 812 1613 853 etiam
1635 812 1689 852 ad
1725 811 1867 867 populi

249 885 369 940 jussa
389 885 828 932 accommodaverunt,
852 882 1019 923 habetis
1041 881 1081 921 in
1104 879 1417 921 commentariis
1438 878 1590 920 vestris
1612 878 1656 919 O.
1676 877 1867 919 Cassium

256 966 473 992 censorem
496 950 546 992 de
575 950 696 1005 signo
720 948 981 990 Concordiae
1013 946 1246 987 dedicando
1277 945 1330 986 ad
1368 944 1613 1000 pontificum
1645 943 1867 999 collegium

255 1016 486 1065 rettulisse,
520 1016 640 1071 eique
680 1015 744 1056 M.
776 1013 1004 1055 Aemilium
1036 1012 1278 1067 pontificem
1313 1010 1541 1051 maximum
1577 1024 1652 1065 pro
1691 1009 1867 1064 collegio

255 1082 534 1137 respondisse,
569 1081 648 1121 nisi
686 1096 781 1122 eum
818 1079 997 1135 populus
1034 1078 1251 1118 Romanus
1291 1076 1538 1117 nominatim
1578 1075 1866 1130 praefecisset,

256 1153 384 1203 atque
413 1148 505 1201 ejus
522 1148 644 1202 jussu
666 1146 838 1195 faceret,
863 1160 946 1186 000
968 1143 1099 1185 videri
1121 1158 1170 1184 ea
1199 1146 1316 1183 recte
1337 1156 1460 1197 posse
1483 1141 1680 1182 dedicari.
1744 1140 1866 1192 Quid,

256 1228 385 1268 quum
425 1212 598 1259 Licinia,
622 1212 740 1266 virgo
765 1211 964 1261 Vestalis,
989 1225 1153 1251 summo
1184 1209 1274 1249 loco
1307 1213 1419 1258 nata,
1444 1207 1709 1248 sanctissimo
1732 1222 1869 1248 sacer-

258 1278 375 1319 dotio
418 1277 626 1333 praedita,
676 1277 724 1318 T.
770 1276 1012 1317 Flaminino
1057 1276 1108 1328 Q.
1154 1273 1330 1314 Metello
1372 1273 1624 1322 consulibus,
1668 1288 1784 1314 aram
1825 1278 1869 1315 et

256 1343 489 1385 aediculam
511 1348 554 1385 et
582 1343 773 1398 pulvinar
795 1343 872 1383 sub
894 1357 997 1383 saxo
1018 1356 1139 1382 sacro
1162 1340 1411 1388 dedicasset,
1435 1354 1573 1380 nonne
1596 1355 1686 1380 eam
1709 1355 1795 1380 rem
1818 1355 1870 1380 ex

256 1410 516 1451 auctoritate
548 1415 722 1450 senatus
743 1410 796 1450 ad
828 1409 907 1449 hoc
938 1407 1161 1463 collegium
1186 1407 1284 1447 Sex.
1308 1405 1449 1447 Julius
1480 1410 1650 1460 praetor
1672 1406 1869 1448 rettulit?

257 1490 385 1531 quum
409 1476 460 1516 P.
486 1475 688 1516 Scaevola
719 1475 911 1530 pontifex
937 1474 1145 1515 maximus
1176 1487 1250 1528 pro
1285 1472 1459 1527 collegio
1490 1472 1720 1527 respondit,
1747 1473 1869 1525 Quod

256 1541 297 1582 in
320 1542 411 1582 loco
441 1542 608 1596 publico
634 1541 806 1591 Licinia,
833 1542 880 1583 C.
902 1541 944 1587 f„
967 1540 1127 1595 injussu
1158 1539 1299 1594 populi
1328 1538 1575 1589 dedicasset,
1600 1554 1764 1580 sacrum
1786 1554 1869 1579 non

255 1606 649 1658 videi-ie1·.—Qua1n
664 1607 831 1662 quidem
853 1622 941 1647 rem
956 1610 1113 1662 quanta
1129 1604 1368 1654 severitate,
1393 1609 1634 1660 quantaque
1653 1605 1871 1661 diligentia

256 1678 430 1713 senatus
472 1674 496 1698 *
541 1675 564 1699 *
606 1688 657 1713 ex
699 1673 789 1727 ipso
831 1670 1201 1713 senatusconsulto
1244 1670 1365 1712 facile
1406 1670 1685 1725 cognoscetis,
1763 1671 1804 1712 S.
1821 1672 1867 1713 C.

258 1737 484 1779 Videtisne
506 1738 690 1793 praet-ori
727 1738 887 1778 urbano
902 1737 1118 1792 negotium
1140 1737 1298 1786 datum,
1319 1742 1366 1778 ut
1389 1743 1556 1777 curaret
1572 1751 1623 1777 ne
1646 1736 1685 1776 id
1702 1751 1869 1778 sacrum

257 1809 382 1852 esset,
406 1810 448 1844 et
471 1809 530 1853 ut,
565 1804 599 1844 si
623 1819 729 1859 quae
752 1809 895 1844 essent
921 1803 1078 1844 incisae
1103 1808 1177 1843 aut
1209 1802 1436 1857 inscriptae
1470 1803 1651 1852 litterae,
1676 1803 1869 1844 tolleren-

257 1870 357 1909 tur?
419 1869 454 1909 O
478 1873 693 1924 tempora!
729 1884 753 1910 o
774 1872 938 1910 mores!
1005 1869 1113 1908 Tum
1145 1882 1374 1919 censorem,
1413 1868 1623 1909 hominem
1654 1869 1872 1911 sanctissi-

260 2002 379 2042 possit3
404 2013 439 2032 ac
463 2003 563 2033 multo
586 2003 701 2033 melius
717 2003 837 2038 fuisset,
855 2003 880 2032 si
897 2002 1041 2042 nugacis-

259 2046 339 2075 simo
371 2047 515 2085 scriptori
543 2046 609 2085 jam
641 2047 761 2076 dudum
792 2056 904 2076 manus
935 2047 1043 2075 obtor-

259 2089 397 2129 puisset:
432 2093 570 2119 mentem
602 2090 797 2120 debilitatam
828 2091 896 2129 ejus
924 2090 1042 2129 ubique

258 2132 402 2162 videmus
417 2132 436 2146 ⁷'
455 2132 589 2173 (Wolf).

302 2178 354 2206 53.
380 2176 579 2215 dedicandi‚]
598 2176 657 2212 M.‚
684 2176 880 2216 ‘judicandi’
898 2176 931 2206 P.
947 2176 986 2206 G.
998 2176 1039 2206 V.

258 2218 328 2259 (jus
341 2219 458 2259 aliquid
471 2220 631 2259 publicum
644 2230 708 2250 esse
718 2220 906 2259 judicandi),
919 2220 1038 2256 Baiter,

258 2262 329 2291 who
355 2263 411 2292 has
437 2262 641 2303 ⁴judicandi.’
690 2264 748 2293 See
775 2274 802 2293 c.
831 2265 890 2293 54:
925 2266 1041 2303 “quae

259 2309 334 2334 sunt
364 2306 467 2336 adhuc
497 2317 515 2336 a
545 2317 596 2336 me
620 2306 659 2336 de
685 2307 757 2345 jure
782 2306 947 2337 dedicandi
977 2307 1040 2336 dis—

260 2348 406 2388 putata.”

308 2391 341 2421 C.
364 2392 522 2431 Cassium]
571 2393 640 2422 The
664 2396 750 2432 story
766 2393 832 2422 told
850 2402 924 2422 over
939 2393 1042 2432 again,

260 2444 287 2464 c.
305 2437 357 2470 50,
375 2435 427 2464 51.

306 2487 369 2507 non
385 2478 488 2507 videri
505 2478 556 2517 ea]
596 2481 603 2494 ⁴
616 2488 679 2507 non
692 2478 788 2508 videri
806 2478 899 2513 eam‚'
918 2479 1041 2515 Barim-3

262 2523 270 2538 ⁴
283 2530 350 2550 eam
365 2520 372 2533 ’
387 2521 534 2559 meaning
553 2525 559 2537 ‘
573 2521 859 2551 Concordiam.'——‘
873 2522 912 2553 T.
929 2522 1043 2551 Flami-

261 2564 335 2599 nio‚'
364 2564 480 2593 Baiter.
526 2564 563 2593 T.
584 2564 788 2599 Flamininus,
807 2575 869 2594 cos.
889 2575 951 2594 Bc
974 2566 1043 2595 12³3.

305 2608 362 2637 sub
379 2607 474 2646 saoeo]
502 2607 531 2636 A
547 2607 622 2637 rock
638 2618 677 2636 00
696 2608 750 2637 the
764 2608 932 2642 Aventine,
944 2608 1045 2637 under

263 2650 366 2679 which
383 2650 472 2679 there
489 2661 551 2679 was
567 2661 585 2679 a
601 2652 719 2690 temple
736 2651 771 2680 of
784 2651 838 2680 the
856 2651 946 2680 Bona
964 2651 1043 2687 Dea,

263 2693 362 2723 called
381 2693 583 2723 Subsaxana:

307 2755 327 2769 ⁴‘
341 2770 425 2774 ———
443 2753 569 2783 Interea
586 2752 668 2782 Diva
683 2753 823 2782 canenda
840 2753 929 2782 Bona
945 2757 1003 2784 est.

264 2795 324 2825 Est
340 2796 439 2825 moles
455 2797 570 2832 nativa,
587 2796 657 2825 loco
673 2806 722 2825 res
740 2797 868 2825 nomina
885 2797 977 2833 seem

307 2840 481 2879 Appellant
491 2850 612 2869 saxum.
636 2840 711 2869 Pars
722 2839 805 2869 bona
815 2840 931 2869 montis
942 2850 978 2869 ea
984 2843 1041 2869 est..

264 2882 350 2912 Huic
367 2883 488 2914 Remus
504 2883 662 2914 institerat
677 2883 803 2920 frustra,
821 2893 883 2923 quo
899 2886 1043 2923 tempore

350 2925 439 2956 fratri

1132 2002 1238 2032 Prima
1254 2002 1414 2032 Palatinae
1430 2002 1519 2041 signa
1534 2003 1665 2033 dedistis
1681 2013 1765 2034 aves.

1088 2045 1223 2085 Templa
1240 2049 1344 2084 patres
1360 2046 1424 2075 illic
1440 2046 1546 2075 oculos
1564 2057 1659 2076 exosa
1675 2047 1779 2077 viriles

1131 2089 1261 2119 Leniter
1277 2089 1385 2119 acclivi
1402 2091 1595 2119 constituere
1609 2090 1720 2129 jugo.'’

1442 2133 1554 2172 (Ovid,
1574 2133 1670 2170 Fasti,
1687 2145 1715 2163 v.
1737 2133 1824 2175 148.)

1087 2192 1118 2222 It
1134 2202 1196 2222 was
1223 2202 1262 2222 on
1289 2202 1349 2222 one
1374 2192 1409 2222 of
1430 2193 1485 2223 the
1506 2193 1611 2233 slopes
1630 2193 1666 2223 of
1687 2194 1742 2224 the
1762 2194 1870 2225 Aven-

1085 2236 1162 2266 tine.

1129 2279 1274 2319 senatus]
1325 2282 1332 2296 ⁴
1345 2282 1472 2310 senatus
1492 2279 1552 2316 C.,’
1576 2280 1693 2310 Baiter.
1740 2280 1768 2311 A
1785 2280 1870 2310 word

1087 2323 1113 2352 is
1136 2324 1277 2362 wanting
1300 2323 1384 2353 here.
1432 2324 1526 2353 Some
1553 2324 1632 2354 have
1660 2328 1667 2341 ‘
1682 2324 1868 2354 sustulerit.’

1090 2366 1186 2396 Halm
1219 2376 1369 2406 proposes
1401 2366 1541 2405 ‘egerit.'
1588 2367 1603 2396 Ι
1632 2378 1769 2407 suppose
1799 2368 1870 2398 that

1090 2413 1097 2426 ⁶
1110 2409 1273 2439 sustulerit
1285 2409 1292 2421 '
1310 2410 1336 2439 is
1352 2410 1383 2439 in
1401 2420 1488 2439 some
1504 2410 1539 2439 of
1551 2410 1605 2440 the
1622 2411 1718 2440 Mss.
1760 2414 1778 2427 ‘⁴
1791 2411 1869 2441 This

1089 2453 1272 2492 expression
1299 2457 1416 2482 cannot
1442 2453 1474 2482 in
1502 2454 1556 2483 the
1584 2454 1729 2493 slightest
1757 2455 1870 2493 degree

1089 2506 1207 2535 appear
1222 2495 1354 2525 obscure
1371 2496 1456 2530 here,
1473 2496 1576 2525 where
1592 2497 1647 2526 the
1668 2497 1828 2527 discourse
1844 2498 1870 2527 is

1089 2539 1186 2568 about
1200 2539 1253 2568 the
1265 2539 1416 2568 abolition
1428 2539 1462 2568 of
1470 2539 1525 2568 the
1538 2540 1666 2580 priestly
1680 2540 1869 2576 dedication,

1089 2582 1150 2610 and
1183 2582 1245 2611 this
1275 2592 1407 2621 appears
1433 2582 1515 2611 from
1543 2583 1627 2612 what
1659 2584 1806 2622 precedes
1836 2594 1870 2613 as

1090 2625 1158 2654 well
1183 2635 1215 2653 as
1239 2625 1318 2654 from
1337 2625 1421 2654 what
1443 2625 1574 2661 follows,
1592 2627 1674 2656 clear
1693 2627 1829 2665 enough,
1847 2627 1874 2657 if

1090 2668 1203 2706 people
1219 2668 1260 2696 do
1276 2672 1332 2697 not
1348 2668 1463 2698 choose
1484 2672 1517 2698 to
1534 2669 1573 2698 be
1590 2669 1677 2699 blind
1691 2670 1709 2683 '’
1728 2669 1869 2710 (Klotz).

1089 2710 1167 2740 This
1191 2711 1217 2740 is
1243 2711 1274 2740 in
1298 2711 1384 2750 reply
1411 2716 1443 2741 to
1466 2713 1562 2747 Wolf,
1588 2713 1601 2742 I
1628 2724 1776 2753 suppose,
1798 2714 1869 2743 who

1089 2754 1250 2792 professed
1267 2758 1324 2784 not
1341 2760 1372 2784 to
1389 2755 1583 2785 understand
1601 2760 1608 2773 ⁴
1621 2756 1806 2787 sustulerit!
1839 2757 1870 2786 It

1089 2806 1190 2826 seems
1213 2800 1247 2827 to
1271 2807 1321 2827 me
1342 2808 1375 2827 as
1395 2809 1466 2838 easy
1483 2802 1516 2828 to
1533 2799 1728 2829 understand
1751 2810 1784 2829 as
1808 2811 1871 2839 any

1088 2839 1180 2869 other
1210 2844 1280 2879 part
1311 2841 1347 2870 of
1373 2842 1437 2871 this
1467 2843 1610 2878 oration;
1643 2843 1701 2873 but.
1728 2843 1869 2873 whether

1089 2885 1096 2899 ⁴
1108 2883 1286 2913 sustulerit'
1304 2884 1330 2914 is
1346 2884 1401 2915 the
1416 2886 1553 2924 genuine
1568 2886 1653 2916 word
1669 2896 1705 2917 or
1721 2889 1777 2917 not
1794 2887 1809 2916 Ι
1827 2886 1868 2916 do

1086 2929 1143 2956 not
1159 2925 1262 2957 know.
