2002 3235
728 163 872 205 ‘CAR
906 166 971 214 40,
1007 166 1074 204 41.
1641 169 1711 207 151

122 277 198 327 sui,
234 292 357 332 quam
390 276 532 332 paucis
564 281 663 318 ante
695 277 840 318 diebus
871 277 1102 318 laureatam
1133 277 1175 317 in
1205 291 1282 318 sua
1312 277 1593 332 gratulatione
1621 293 1716 320 con-

122 342 273 397 spexit,
297 343 471 383 eandem
493 342 767 383 deformatam
789 342 1016 398 ignominia
1038 343 1334 398 lugentemque
1355 342 1521 383 videat?
1572 343 1641 384 An
1663 346 1716 385 ad

121 408 326 447 matrem?
356 422 462 462 quae
495 407 661 458 misera,
690 408 813 448 modo
847 407 1059 448 consulem
1089 408 1278 449 osculata
1300 407 1428 448 filium
1451 423 1585 458 suum,
1607 424 1715 450 nunc

123 471 332 512 cruciatur
363 477 407 513 et
438 472 616 514 sollicita
648 478 724 523 est,
759 487 811 513 ne
845 474 1024 514 eundem
1056 473 1192 528 paullo
1221 479 1318 528 post
1351 473 1576 528 spoliatum
1605 474 1715 513 omni

123 535 328 591 dignitate
350 537 613 592 conspiciat?
676 537 758 578 Sed
781 537 881 592 quid
912 552 989 593 ego
1021 543 1201 579 matrem
1231 544 1305 579 aut
1339 539 1508 578 domum
1539 538 1712 592 appello,

121 615 243 656 quem
264 616 371 643 nova
391 617 524 657 poena
543 602 648 658 legis
674 607 717 643 et
747 603 869 643 domo
891 607 935 644 et
962 608 1136 658 parente
1158 609 1201 645 et
1222 603 1406 644 omnium
1428 617 1598 643 suorum
1620 618 1715 643 con-

121 667 341 708 suetudine
381 672 691 722 conspectuque
731 667 899 722 privat?
962 667 1048 708 Ibit
1087 667 1215 722 igitur
1250 668 1292 708 in
1333 667 1524 708 exsilium
1565 667 1716 709 miser?

123 730 242 781 Quo?
271 732 324 771 ad
349 731 588 773 Orientisne
609 737 764 787 partes,
799 732 840 772 in
873 732 1023 787 quibus
1054 747 1185 773 annos
1213 733 1368 773 multos
1389 732 1552 786 legatus
1573 732 1650 773 fuit
1673 738 1716 774 et

120 795 332 837 exercitus
353 796 474 837 duxit
495 801 538 837 et
559 811 625 837 res
645 797 849 837 maximas
869 797 1029 851 gessit?
1061 797 1124 838 At
1146 798 1275 838 habet
1295 811 1494 852 magnum
1516 797 1711 848 dolorem,

119 861 230 901 unde
252 876 346 901 cum
368 862 523 903 honore
545 862 786 912 decesseris,
817 863 964 903 eodem
986 878 1080 903 cum
1102 862 1330 917 ignominia
1350 863 1516 904 reverti.
1579 863 1648 903 An
1670 879 1715 904 se

119 925 162 965 in
183 926 435 966 contrariam
455 931 619 981 partem
641 932 849 967 terrarum
876 928 1016 978 abdet,
1040 932 1089 968 ut
1111 927 1247 968 Gallia
1270 927 1557 982 Transalpina,
1591 943 1713 983 quem

119 1005 250 1045 nuper
271 1005 431 1031 summo
464 1006 556 1032 011111
588 991 760 1046 imperio
782 991 1056 1032 libentissime
1078 992 1240 1043 viderit,
1275 993 1452 1033 eundem
1485 993 1710 1047 lugentem,

119 1061 388 1105 maerentem,
432 1057 619 1097 exsulem
652 1057 818 1097 videat?
882 1056 932 1096 In
969 1072 1018 1097 ea
1054 1072 1177 1111 porro
1215 1057 1426 1112 provincia
1462 1072 1545 1112 quo
1575 1058 1712 1099 animo

120 1120 166 1161 C.
192 1121 425 1170 Murenam,
449 1122 618 1162 fratrem
642 1136 776 1171 suum,
802 1121 1006 1176 aspiciet?
1068 1122 1148 1174 Qui
1180 1123 1307 1177 liujus
1342 1123 1470 1172 dolor,
1506 1123 1573 1178 qui
1606 1124 1713 1164 illius

118 1199 281 1225 maeror
302 1185 393 1235 erit,
425 1200 530 1241 quae
557 1186 775 1241 utriusque
796 1187 1052 1237 lamentatio,
1087 1192 1245 1242 quanta
1276 1192 1417 1228 autem
1448 1189 1712 1242 perturbatio

117 1249 310 1290 fortunae
338 1256 465 1305 atque
497 1251 712 1299 sermonis,
746 1252 867 1306 quod,
901 1251 1050 1306 quibus
1081 1252 1123 1292 in
1154 1252 1255 1293 locis
1280 1253 1427 1307 paucis
1447 1258 1546 1294 ante
1568 1253 1713 1294 diebus

117 1315 275 1356 factum
297 1330 387 1356 esse
409 1316 617 1357 consulem
644 1316 867 1356 Murenam
898 1317 1031 1358 nuntii
1063 1317 1313 1371 litteraeque
1345 1318 1638 1368 celebrassent,
1670 1324 1713 1359 et

118 1380 227 1420 unde
248 1380 436 1435 hospites
456 1385 583 1435 atque
604 1380 726 1421 amici
748 1381 1007 1436 gratulatum
1022 1381 1201 1421 Romam
1218 1382 1515 1432 concurrerint,
1540 1388 1712 1438 repente

123 1444 212 1500 [eo]
239 1445 406 1486 excidet
427 1445 513 1499 ipse
535 1445 706 1486 nuntius
726 1460 825 1486 suae
848 1446 1127 1486 calamitatis?
1189 1447 1305 1498 Quae
1328 1447 1362 1487 si
1390 1448 1554 1495 acerba,
1581 1448 1615 1487 si
1637 1448 1713 1488 mi-

118 1524 223 1560 sera,
247 1511 281 1550 si
303 1510 493 1551 luctuosa
514 1515 625 1560 sunt,
649 1511 683 1550 si
705 1511 955 1551 alienissima
976 1525 999 1550 a
1022 1510 1341 1551 mansuetudine
1364 1516 1407 1552 et
1428 1511 1713 1552 misericordia

117 1580 269 1624 vestra,
299 1576 474 1630 judices,
499 1580 745 1616 conservate
771 1576 910 1630 populi
938 1576 1119 1616 Romani
1151 1575 1424 1622 beneficiu1n3
1460 1576 1621 1617 reddite
1653 1577 1712 1617 rei

117 1640 306 1695 publicae
328 1641 540 1681 consulem
560 1657 570 1687 ς
605 1641 702 1681 date
725 1641 803 1681 hoc
825 1641 954 1695 ipsius
975 1641 1136 1696 pudori,
1161 1641 1259 1681 date
1280 1641 1390 1695 patri
1412 1646 1591 1689 mortuo,
1614 1642 1712 1683 date

117 1705 259 1759 generi
292 1710 335 1746 et
366 1705 559 1756 familiae,
598 1706 696 1746 dat-e
732 1705 861 1746 etiam
898 1705 1095 1756 Lanuvio,
1132 1706 1358 1760 municipio
1400 1706 1708 1757 honestissimo,

118 1771 229 1825 quod
259 1770 301 1810 in
334 1771 411 1811 hac
444 1776 537 1812 tota
565 1786 714 1812 caussa
745 1771 942 1826 frequens
973 1776 1262 1826 maestumque
1283 1771 1459 1812 vidistis.
1524 1772 1665 1812 Nolite
1687 1787 1712 1812 a

117 1836 247 1876 sacris
277 1837 424 1891 patriis
455 1836 636 1877 Junonis
669 1836 875 1891 Sospitae,
910 1837 976 1877 cui
1005 1851 1148 1878 omnes
1170 1837 1361 1878 consules
1382 1837 1518 1877 facere
1542 1852 1711 1878 necesse

161 1945 431 1981 matrem—quem
447 1943 478 1982 .7]
530 1942 625 1972 Halm
656 1942 757 1971 would
790 1942 892 1981 prefer

119 1985 274 2014 “domum
289 1985 412 2024 appello
429 1986 460 2014 in
474 1995 521 2020 eo,
534 1985 663 2024 quem.’'
690 1985 754 2014 But
770 1985 891 2023 though

119 2028 174 2057 the
190 2028 403 2057 construction
426 2028 452 2057 is
475 2028 635 2063 defective,
652 2027 706 2057 the
730 2032 797 2056 text
821 2038 891 2066 niay

119 2070 158 2099 bc
174 2071 318 2107 genuine.
355 2070 393 2100 G.
412 2070 467 2099 has
484 2074 491 2087 ⁴
505 2070 778 2109 quid—appellem
794 2070 812 2106 ;'
830 2070 891 2099 and

118 2113 172 2142 the
189 2113 306 2142 Venice
323 2113 440 2142 edition
465 2113 500 2142 of
524 2114 603 2147 1472
627 2113 682 2141 has
708 2113 888 2151 ‘qui—pri-

118 2155 286 2185 vetur.’-⁴
300 2166 381 2185 nova
397 2166 496 2195 paena
508 2154 526 2184 :'
551 2155 605 2184 1116
618 2155 745 2194 penalty
763 2155 798 2184 of
810 2156 889 2184 exile

117 2199 218 2228 which
235 2209 296 2228 was
313 2199 345 2227 in
362 2199 414 2227 the
432 2198 496 2227 Lex
513 2198 616 2227 Tullia
632 2198 670 2226 de
686 2198 828 2226 Ambitu.

166 2242 271 2271 Gallia
293 2241 533 2280 Transalpina]
565 2240 728 2269 Murena’s
746 2240 891 2278 province

118 2284 154 2313 of
167 2284 267 2314 Gallia
284 2283 509 2318 Narbonensis,
523 2293 557 2312 or
573 2283 723 2317 Ulterior,
740 2292 773 2311 as
789 2283 813 2311 it
830 2292 891 2311 was

118 2327 194 2356 then
223 2327 402 2356 sometimes
427 2326 534 2358 called.
562 2326 664 2355 where
692 2325 731 2355 116
757 2325 813 2354 lct't
844 2325 892 2354 his

118 2369 246 2399 brother
263 2370 298 2399 C.
313 2370 448 2399 Murena
464 2379 496 2398 as
514 2369 561 2398 his
579 2373 586 2385 ‘
600 2368 744 2406 legatus?
770 2368 804 2398 C.
817 2368 891 2397 Mu-

118 2422 192 2441 rena
208 2412 308 2441 seizcd
332 2422 419 2441 some
442 2412 476 2441 of
497 2411 659 2441 Catilina’s
684 2411 837 2450 partimus
861 2411 891 2439 in

120 2455 220 2485 Gallia
237 2455 452 2484 Narbonensis
470 2454 612 2489 (Sallust,
630 2454 699 2483 Cat.
717 2464 740 2483 e.
759 2453 828 2491 42).

163 2507 196 2527 co
221 2497 362 2536 excidet]
413 2497 531 2526 “Libri
556 2502 675 2526 veteres
701 2496 818 2525 habent
839 2499 891 2525 ‘eo

120 2540 267 2575 eaecidetss
283 2540 320 2569 de
333 2550 395 2578 qua
411 2540 563 2578 scriptura
576 2540 695 2578 judicet
712 2539 809 2567 lector
823 2549 892 2567 cru-

120 2582 222 2611 ditus:
247 2592 304 2620 ego
320 2583 438 2611 interea
455 2583 558 2611 malim
578 2583 637 2620 legi
654 2582 781 2611 accedet
795 2592 891 2620 quam

119 2624 277 2659 acccdat,”
311 2624 494 2654 Lambinus.
542 2625 636 2654 Halm
667 2625 723 2653 has
750 2624 892 2653 followed

122 2667 329 2697 Guilielmius'
357 2667 499 2706 (Johann
527 2668 681 2696 Guilelme
712 2676 747 2695 or
772 2666 891 2696 Guilel-

121 2709 204 2748 mus)
231 2709 431 2739 emendation
457 2713 464 2726 ‘
479 2709 614 2745 existet,'
642 2709 703 2738 and
731 2709 770 2738 110
797 2709 891 2738 omits

122 2755 129 2768 ⁴
141 2751 200 2781 eo.'
248 2752 261 2781 Ι
279 2751 318 2780 (10
340 2756 396 2781 not
418 2752 510 2781 know
526 2752 609 2781 what
627 2752 787 2790 authority
803 2752 891 2781 there

120 2794 146 2823 is
173 2794 221 2823 for
249 2793 326 2823 ‘eo.’
372 2794 440 2823 The
465 2794 560 2824 MSS.
586 2795 664 2824 have
691 2794 792 2823 either
819 2797 826 2810 ‘
838 2804 891 2823 cx-

121 2836 224 2871 cidet‚'
242 2839 249 2852 ⁴
262 2835 432 2872 exciderit‚’
449 2845 484 2865 or
500 2840 507 2853 ⁴
519 2836 696 2866 excideret!
745 2837 759 2866 1
782 2846 833 2865 see
850 2846 890 2866 no

119 2888 230 2909 reason
260 2878 307 2908 for
331 2878 384 2908 the
408 2879 607 2909 emendation
629 2879 665 2909 of
687 2879 742 2908 the
764 2879 891 2909 learned

937 1943 1033 1979 critic,
1046 1943 1106 1972 and
1125 1946 1132 1959 ‘
1144 1942 1284 1972 excidet'
1301 1943 1327 1972 is
1343 1953 1360 1972 a
1374 1943 1466 1972 much
1481 1953 1567 1973 more
1580 1944 1710 1982 empha-

936 1986 979 2015 tic
1002 1986 1086 2015 word
1110 1986 1186 2014 than
1204 1986 1337 2015 ‘existet
1351 1986 1369 2022 ;'
1395 1986 1516 2023 though
1542 1987 1556 2015 I
1582 1987 1643 2015 find
1671 1997 1711 2016 no

937 2029 1079 2067 example
1116 2028 1151 2057 of
1186 2028 1344 2057 ‘excidet'
1383 2029 1504 2068 exactly
1541 2029 1602 2058 like
1639 2030 1710 2059 this.

940 2071 1036 2100 Halm
1063 2081 1133 2109 says
1160 2071 1229 2099 that
1256 2071 1330 2100 with
1359 2071 1525 2101 ‘exsistet’
1554 2082 1598 2102 we
1626 2076 1711 2102 must

935 2114 1047 2152 supply
1067 2114 1117 2142 ‘in
1134 2113 1171 2142 iis
1187 2112 1284 2142 locis!

976 2155 1131 2194 Juuom's]
1172 2155 1258 2185 ι111110
1290 2156 1414 2195 Sospita
1443 2167 1506 2186 was
1530 2168 1548 2187 a
1578 2158 1710 2196 goddess

934 2198 969 2227 of
995 2199 1049 2227 the
1080 2198 1246 2234 Lanuvini,
1275 2199 1336 2228 and
1367 2199 1423 2228 she
1453 2200 1513 2229 had
1545 2211 1564 2229 a
1594 2201 1711 2240 temple

935 2241 967 2269 in
996 2241 1096 2270 Rome
1129 2241 1266 2270 wherein
1298 2242 1352 2271 1116
1386 2243 1510 2271 consuls
1546 2243 1636 2273 made
1671 2254 1711 2273 an

936 2283 1067 2321 offcring
1091 2284 1250 2322 annually.
1298 2284 1376 2323 Livy
1403 2285 1478 2324 (viii.
1509 2286 1582 2324 14):
1617 2286 1710 2315 “La-

938 2326 1061 2355 nuvinis
1099 2326 1206 2355 civitas
1245 2326 1327 2361 data,
1367 2337 1515 2367 sacraque
1547 2339 1602 2357 sua
1640 2329 1710 2357 red-

937 2368 1001 2397 dita
1028 2378 1098 2397 cum
1127 2378 1174 2402 60,
1202 2372 1236 2397 ut
1267 2369 1357 2398 aedes
1389 2370 1539 2410 lucusque
1568 2372 1711 2410 Sospitae

936 2411 1071 2440 Junonis
1099 2411 1274 2440 communis
1303 2412 1473 2442 Lanuvinis
1500 2414 1710 2453 municipibus

937 2464 1007 2482 cum
1033 2454 1148 2492 populo
1176 2454 1320 2483 Romano
1344 2455 1456 2484 csset.'¹
1503 2456 1571 2485 Tho
1592 2457 1710 2495 temple

937 2496 972 2525 of
994 2496 1080 2525 Juno
1110 2496 1235 2534 Sospita
1257 2507 1318 2525 was
1344 2498 1484 2527 restored
1512 2499 1542 2527 in
1572 2498 1709 2527 Cicero’s

937 2539 1013 2568 111116
1030 2538 1107 2577 (11.0.
1126 2538 1180 2577 530)
1200 2539 1238 2577 by
1255 2539 1308 2568 the
1325 2540 1433 2569 consul
1456 2540 1490 2569 L.
1508 2541 1612 2570 Julius
1630 2542 1709 2569 Cae-

938 2592 986 2610 sar
1010 2581 1073 2618 (Dc
1098 2581 1201 2610 Divin.
1224 2581 1243 2609 i.
1265 2591 1290 2609 c.
1316 2584 1347 2617 2,
1373 2582 1433 2611 and
1460 2584 1526 2618 ⁴4).
1574 2583 1709 2612 Murena

937 2625 962 2653 is
986 2624 1083 2652 called
1112 2623 1321 2652 ‘domesticus
1346 2624 1476 2658 consul,'
1502 2624 1633 2653 because
1661 2625 1709 2654 his

936 2667 1042 2705 family
1059 2676 1119 2694 was
1141 2666 1221 2695 from
1243 2666 1429 2695 Lanuvium.
1478 2667 1535 2696 See
1561 2667 1619 2696 Pro
1644 2667 1708 2696 Mi-

937 2710 1018 2743 lone,
1036 2718 1061 2738 0.
1084 2710 1130 2739 10.

970 2751 1101 2790 facere]
1163 2750 1232 2780 The
1264 2750 1403 2779 Romans
1430 2751 1610 2780 sometimes
1641 2752 1705 2781 said

938 2797 1025 2824 ‘rem
1052 2794 1187 2822 divinam
1216 2792 1336 2828 faceres
1365 2793 1425 2822 and
1454 2798 1558 2823 *sacra
1584 2793 1705 2830 facere,'

935 2837 996 2866 and
1013 2836 1192 2865 sometimes
1210 2838 1217 2851 ‘
1229 2834 1348 2864 facere’
1366 2835 1450 2874 only,
1469 2839 1520 2865 ‘to
1544 2836 1705 2873 sacrifice‚’

936 2889 971 2909 or
988 2879 1142 2918 ‘perform
1159 2887 1178 2907 a
1193 2878 1338 2916 religious
1355 2878 1543 2918 ceremony.’
