2002 3235
5 2380 13 2678 l

756 180 889 221 OAP.
923 181 1105 221 38—40.
1641 186 1718 225 149

119 296 303 337 furorem
344 296 643 350 imperatorum
684 295 828 349 copia3
884 298 932 335 ut
972 294 1107 348 major
1146 293 1327 334 facultas
1368 293 1547 334 tribunis
1587 294 1719 349 plebis

119 362 252 411 detur,
296 361 468 416 depulso
509 360 759 408 adversario,
802 359 1019 400 seditionis
1067 373 1116 398 ac
1157 358 1388 399 discordiae
1430 360 1716 400 concitandae.

122 427 294 466 Idemne
320 426 449 481 igitur
480 425 631 466 delecti
666 440 718 465 ex
746 424 1010 479 amplissimis
1035 423 1252 464 ordinibus
1278 423 1563 465 honestissimi
1591 429 1717 478 atque

118 491 415 546 sapientissimi
444 491 519 531 viri
546 490 807 545 judicabunt,
842 490 953 545 quod
983 489 1049 530 ille
1081 488 1464 544 importunissimus
1495 488 1714 543 gladiator,

118 556 254 598 hostis
283 556 342 597 rei
370 556 573 611 publicae,
592 555 819 610 judicarit?
873 555 981 595 Mihi
1004 555 1174 605 credite,
1194 554 1372 609 judices,
1395 554 1436 593 in
1469 554 1547 593 hac
1570 568 1717 594 caussa

118 636 201 662 non
222 622 355 662 solum
377 622 428 662 de
452 620 500 661 L.
523 621 741 670 Murenae,
762 635 903 661 verum
926 620 1055 661 etiam
1076 620 1126 660 de
1147 625 1286 659 vestra
1307 619 1442 658 salute
1464 618 1719 659 sententiam

118 686 276 727 feretis.
341 685 391 726 In
413 686 633 726 discrimen
655 691 889 726 extremum
912 685 1124 726 venimus:
1160 684 1260 724 nihil
1289 689 1354 725 est
1379 685 1468 738 jam
1500 684 1610 723 unde
1641 698 1718 723 nos

117 751 365 799 reficiamus,
403 756 478 792 aut
511 751 581 791 ubi
616 751 720 805 lapsi
754 751 1009 792 resistamus.
1077 750 1173 790 Non
1206 750 1341 790 solum
1377 749 1601 789 minuenda
1635 763 1718 788 non

117 822 214 858 sunt
241 817 394 857 auxilia
422 831 528 872 quae
556 817 770 863 habemus,
800 816 873 856 sed
902 816 1030 856 etiam
1059 830 1177 865 nova,
1206 815 1240 855 si
1266 814 1354 855 fieri
1380 813 1525 869 possit,
1551 827 1718 867 compa-

116 883 261 923 randa.
326 882 478 922 Hostis
506 886 572 922 est
603 881 712 921 enim
744 896 827 921 non
863 881 974 935 apud
1011 880 1232 928 Anienem,
1265 880 1377 934 quod
1412 879 1519 919 bello
1556 878 1716 918 Punico

115 936 407 1002 gravissimum
434 947 566 986 visum
595 951 671 994 est,
697 946 770 986 sed
798 946 838 986 in
868 947 982 995 urbe,
1007 945 1048 985 in
1079 945 1193 985 foro:
1228 944 1282 985 dii
1311 944 1594 984 immortales!
1628 942 1717 983 sine

116 1012 276 1067 gemitu
305 1012 384 1052 hoc
417 1011 497 1052 dici
528 1025 610 1051 non
642 1016 809 1065 potest:
845 1025 928 1051 non
960 1025 1081 1051 nemo
1113 1009 1241 1051 etiam
1273 1009 1314 1049 in
1345 1009 1413 1049 illo
1444 1008 1626 1049 sacrario
1658 1007 1715 1047 rei

115 1077 316 1132 publicae,
341 1077 382 1116 in
404 1077 504 1131 ipsa,
529 1076 711 1131 inquam,
735 1076 850 1116 curia
871 1090 953 1116 non
975 1090 1096 1116 nemo
1119 1075 1255 1116 hostis
1277 1080 1354 1116 est.
1418 1074 1490 1114 Dii
1512 1073 1648 1114 faxint
1669 1078 1716 1113 ut

116 1156 233 1182 meus
265 1142 437 1196 collega,
476 1141 536 1182 vir
568 1141 832 1191 fortissimus,
871 1141 949 1181 hoc
983 1140 1187 1181 Catilinae
1216 1140 1421 1180 nefarium
1451 1138 1716 1180 latrocinium

115 1212 301 1246 armatus
330 1206 565 1261 opprimat3
601 1221 679 1261 ego
705 1210 890 1261 togatus,
915 1205 1032 1245 vobis
1061 1206 1263 1261 bonisque
1292 1205 1484 1245 omnibus
1512 1203 1716 1258 adjutori-

115 1271 206 1320 bus,
237 1272 315 1312 hoc
344 1272 455 1327 quod
483 1277 733 1326 conceptum
762 1286 828 1311 res
857 1270 1023 1325 publica
1056 1271 1285 1325 periculum
1316 1270 1511 1325 parturit,
1545 1269 1715 1310 consilio

116 1336 338 1377 discutiam
360 1342 404 1377 et
426 1337 712 1392 comprimam.
776 1336 859 1376 Sed
882 1336 981 1390 quid
1008 1337 1180 1376 tandem
1201 1336 1285 1384 fiet,
1311 1336 1344 1375 si
1374 1336 1475 1375 haec
1498 1334 1638 1389 elapsa
1664 1334 1714 1374 dc

115 1402 307 1443 manibus
328 1403 484 1443 nostris
506 1403 547 1442 in
570 1417 663 1443 eum
686 1416 841 1442 annum
863 1401 931 1456 qui
955 1401 1223 1456 consequitur
1245 1401 1544 1441 redundarint?
1591 1398 1715 1439 Unus

114 1467 195 1509 erit
217 1468 371 1516 consul,
397 1473 440 1508 et
466 1467 500 1508 is
522 1482 605 1507 non
627 1467 668 1507 in
690 1467 1021 1507 administrando
1047 1466 1166 1515 bello,
1191 1466 1265 1506 sed
1293 1466 1335 1505 in
1363 1465 1603 1505 sufficiendo
1632 1464 1715 1504 col-

114 1533 208 1588 lega
243 1539 486 1587 occupatus.
551 1532 679 1572 Hunc
711 1533 799 1586 jam
832 1532 900 1586 qui
937 1531 1179 1586 impedituri
1211 1531 1310 1580 sint,
1345 1532 1368 1556 *
1402 1532 1425 1556 *
1461 1529 1548 1584 [illa
1583 1529 1714 1584 pestis

114 1598 327 1653 immanis]
352 1613 500 1638 manus
522 1598 759 1652 importuna
782 1598 985 1638 Catilinae
1007 1602 1248 1651 perrumpet
1269 1611 1351 1651 qua
1371 1596 1553 1650 poterit,
1587 1597 1608 1620 ἦ
1638 1596 1661 1620 *
1689 1596 1712 1620 ἧς

113 1663 156 1703 111
177 1678 301 1718 agros
323 1663 584 1704 suburbanos
610 1669 781 1717 repente
803 1662 1044 1708 advolabit3
1080 1662 1313 1702 versabitur
1338 1661 1379 1700 in
1407 1660 1556 1701 castris
1583 1660 1710 1708 furor,

113 1728 155 1768 in
178 1728 291 1768 curia
319 1728 459 1778 timor,
482 1729 523 1769 in
544 1729 633 1768 foro
656 1728 906 1782 conjuratio,
930 1727 971 1767 in
1000 1742 1148 1781 campo
1180 1726 1402 1773 exercitus,
1426 1726 1466 1765 in
1488 1725 1600 1779 agris
1623 1739 1711 1764 vas-

112 1794 241 1840 titas;
276 1793 387 1834 omni
414 1799 555 1835 autem
586 1793 629 1833 in
659 1794 758 1834 sede
785 1808 834 1833 ac
862 1793 953 1833 loco
978 1792 1132 1832 ferrum
1152 1791 1444 1845 flammamque
1465 1796 1711 1830 metuemus.

114 1859 232 1910 Quae
258 1859 422 1913 jamdiu
444 1865 751 1913 comparantur,
776 1858 922 1898 eadem
954 1857 1036 1898 ista
1067 1856 1216 1906 omnia,
1240 1856 1274 1896 si
1305 1863 1455 1896 ornata
1485 1855 1571 1895 suis
1597 1869 1712 1906 prac-

112 1926 228 1966 sidiis
250 1926 331 1967 erit
351 1941 418 1967 res
439 1926 617 1981 publica,
639 1926 758 1966 facile
781 1930 823 1966 et
845 1925 1169 1980 magistratuum
1187 1923 1369 1964 consiliis
1390 1931 1434 1963 et
1454 1921 1712 1977 privatorum

113 1990 331 2045 diligentia
352 1991 692 2045 comprimentur.

172 2054 274 2095 XL.
309 2055 426 2106 Quae
458 2070 582 2109 quum
614 2055 675 2096 ita
699 2055 796 2104 sint,
824 2054 1000 2109 judices,
1031 2054 1210 2109 primum
1238 2053 1297 2094 rei
1328 2052 1518 2108 publicae
1550 2066 1708 2101 caussa,

113 2134 196 2174 qua
225 2119 336 2159 nulla
366 2134 432 2160 res
464 2120 655 2175 cuiquam
687 2119 826 2174 potior
851 2120 977 2160 debet
1008 2134 1112 2169 esse,
1137 2134 1223 2169 vos,
1247 2134 1321 2173 pro
1352 2134 1445 2159 mea
1476 2133 1639 2159 summa
1669 2123 1712 2158 ct

113 2185 231 2226 vobis
259 2184 427 2239 cognita
454 2185 495 2225 in
523 2200 568 2225 re
592 2184 759 2239 publica
788 2183 1016 2238 diligentia,
1040 2198 1201 2233 moneo,
1232 2198 1307 2238 pro
1338 2183 1594 2224 auctoritate
1616 2197 1712 2223 con-

114 2249 241 2290 sulari
272 2250 430 2300 hortor,
461 2264 536 2304 pro
568 2249 856 2303 magnitudine
890 2248 1060 2303 periculi
1093 2249 1293 2297 obtestor,
1318 2253 1365 2289 ut
1396 2248 1497 2295 otio,
1524 2254 1572 2289 ut
1603 2247 1709 2302 paci,

114 2320 160 2356 ut
183 2314 321 2366 saluti,
347 2319 395 2355 ut
423 2315 533 2356 vitae
562 2320 724 2355 vestrae
751 2318 795 2354 et
825 2318 1062 2354 ceterorum
1094 2313 1245 2354 civium
1276 2313 1529 2354 consulatis:
1565 2313 1712 2353 deinde

156 2448 248 2467 suum
271 2437 440 2476 ficrorem]
507 2437 695 2466 ‘Summum
728 2435 890 2471 furorem,’
938 2435 1029 2464 times
1053 2445 1125 2474 very
1143 2435 1345 2474 improperly.
1382 2434 1468 2475 (Vol.
1488 2436 1533 2465 II.
1555 2436 1604 2465 De
1628 2436 1712 2474 Lege

115 2480 151 2511 G.
175 2481 435 2510 Halm—‘meus
472 2480 622 2519 collega?
657 2480 693 2510 C.
722 2479 891 2508 Antonius.
938 2478 1068 2516 Agraria
1091 2478 1122 2507 ii.
1148 2488 1173 2507 c.
1197 2477 1237 2518 1.)
1287 2479 1324 2507 111
1350 2478 1397 2507 1115
1421 2478 1537 2508 Orator
1562 2479 1596 2517 (i.
1617 2478 1647 2519 1)
1673 2479 1713 2508 he

115 2523 236 2553 Introd.
252 2526 285 2552 to
302 2523 356 2552 the
373 2524 512 2553 orations
528 2524 649 2561 against
666 2523 812 2552 (f'atiliua.
938 2521 993 2550 has
1018 2531 1035 2550 a
1060 2520 1140 2559 good
1169 2531 1224 2549 use
1245 2521 1281 2549 of
1305 2523 1311 2536 ‘
1326 2521 1500 2550 redundare
1515 2521 1533 2550 :'
1561 2526 1579 2537 “
1594 2526 1625 2551 ct
1652 2522 1712 2550 hoc

155 2566 891 2604 conceplam—parluril,-—di.5·eutlmn—com-
938 2567 1062 2602 tempus
1079 2573 1172 2592 omne
1188 2567 1259 2601 post
1275 2564 1471 2592 consulatum
1485 2564 1657 2601 objecimus
1674 2564 1710 2593 iis

108 2608 280 2647 primam]
329 2609 398 2638 The
432 2609 576 2647 republic
600 2609 656 2637 has
683 2607 850 2637 conceived
875 2618 892 2636 a
938 2607 1096 2642 fluctibus,
1116 2607 1168 2644 qui
1194 2616 1248 2644 per
1272 2616 1329 2634 nos
1345 2616 1362 2634 a
1378 2607 1537 2635 communi
1554 2612 1641 2644 peste
1658 2606 1711 2635 (lc-

113 2652 230 2689 (langcr
253 2650 314 2679 and
338 2651 363 2679 is
387 2660 461 2680 near
484 2651 684 2690 parturition,
705 2651 766 2679 aud
784 2650 892 2680 Cicero
937 2650 1017 2688 pulsi
1035 2649 1066 2678 111
1084 2653 1205 2677 nosmet
1222 2649 1306 2687 ipsos
1323 2648 1572 2677 redundaruntff'

113 2703 207 2733 prays
231 2693 301 2722 that
328 2693 367 2722 he
393 2704 463 2732 may
481 2694 650 2723 do—-what
671 2697 703 2723 to
727 2694 782 2722 the
802 2703 890 2721 mon-
982 2693 1037 2721 illa
1067 2693 1166 2730 pas-lis
1199 2692 1361 2727 immanis]
1413 2691 1426 2719 1
1460 2691 1537 2720 have
1567 2691 1711 2720 followed

114 2737 200 2765 ster?
235 2736 249 2764 Ι
267 2736 376 2774 hardly
393 2736 495 2765 know.
530 2737 579 2765 He
596 2747 665 2775 says
684 2735 889 2770 ι(115(1111111111,’
939 2735 1034 2764 Ilalm
1060 2735 1092 2763 in
1118 2734 1180 2762 this
1204 2744 1344 2772 passage,
1362 2733 1463 2762 which
1487 2734 1512 2762 15
1537 2733 1711 2772 imperfect.

116 2783 123 2796 ‘
136 2779 341 2817 comprimam
355 2778 374 2814 ;’
399 2779 534 2818 perhaps
552 2783 558 2795 ¹
573 2783 640 2808 tear
662 2779 694 2808 in
714 2779 815 2817 pioces
831 2778 891 2807 and
937 2779 1056 2807 Manus
1072 2777 1097 2806 is
1117 2777 1240 2806 llalm's
1257 2776 1446 2814 conjecture.

115 2820 275 2859 stt-angle.¹
326 2820 374 2850 He
399 2821 454 2851 has
477 2822 610 2851 another
634 2822 799 2860 metaphor
816 2831 891 2850 soon
981 2822 1031 2850 40.
1052 2820 1164 2849 <lemae
1178 2838 1194 2839 j
1210 2818 1401 2857 defensoris]
1431 2822 1437 2834 ⁴
1452 2817 1559 2847 Fidem
1577 2821 1712 2848 vestram

115 2864 204 2899 aster,
231 2867 237 2879 ‘
249 2863 457 2899 redundavit,'
476 2874 496 2893 a
518 2865 684 2903 metaphor
701 2865 779 2893 from
798 2867 893 2893 water
938 2863 986 2893 vel
1001 2862 1007 2874 ¹
1025 2863 1050 2892 is
1067 2863 1121 2892 the
1137 2862 1265 2898 reading
1288 2861 1323 2890 of
1344 2861 1390 2891 M.
1435 2861 1538 2890 There
1558 2871 1609 2890 are
1626 2866 1713 2898 great

115 2906 179 2936 and
206 2906 260 2935 the
286 2916 395 2942 waves,
422 2907 522 2936 which
550 2907 589 2937 he
611 2907 666 2936 has
689 2907 766 2936 used
791 2916 892 2936 some·
938 2906 1093 2942 varietieS,
1120 2906 1177 2935 but
1202 2904 1308 2940 ‘ride‚’
1333 2914 1369 2934 or
1386 2908 1392 2921 ‘
1409 2903 1524 2940 lide1n,'
1542 2913 1577 2933 or
1595 2908 1601 2920 ⁶
1616 2904 1711 2933 fidcs'
