2063 3242
283 174 365 214 124
745 170 924 211 ORAT.
961 169 1080 211 PRO
1116 169 1162 210 L.
1191 168 1463 209 MURENA

282 302 426 328 corum
460 285 602 327 studia
637 284 767 325 minui
803 283 937 325 solere
972 283 1014 324 in
1055 298 1126 324 eos
1167 298 1192 324 a
1228 282 1379 338 quibus
1411 281 1647 337 provincias
1675 282 1886 324 contemni

281 352 537 406 intelligunt.

341 418 481 458 XXI.
517 416 576 457 Et
598 415 795 471 quoniam
817 414 993 463 ostendi,
1020 413 1199 467 judices,
1222 427 1368 468 parem
1390 412 1640 468 dignitatem
1662 413 1715 453 ad
1738 428 1886 454 consu-

280 484 390 524 latus
423 482 685 537 petitionem,
716 480 925 535 disparem
955 479 1169 519 fortunam
1201 478 1518 533 provincialium
1551 479 1816 534 negotiorum
1844 478 1886 519 in

284 549 467 589 Murena
488 552 616 602 atque
638 547 679 586 in
704 544 888 600 Sulpicio
910 544 1050 594 fuisse,
1081 543 1218 584 dicam
1246 544 1336 598 jam
1363 544 1563 598 apertius,
1592 544 1633 584 in
1663 559 1744 599 quo
1770 558 1888 585 meus

280 613 541 655 necessarius
567 611 693 651 fuerit
723 610 892 650 inferior
916 609 1095 658 Servius,
1127 613 1169 649 et
1203 623 1252 649 ea
1281 609 1429 658 dicam,
1454 609 1572 649 vobis
1604 609 1883 659 audientibus,

279 679 433 720 amisso
451 679 541 733 jam
563 682 765 731 tempore,
788 690 895 730 quae
921 674 1000 729 ipsi
1029 674 1105 715 soli
1144 688 1187 714 re
1213 673 1379 728 integra
1411 688 1537 728 saepe
1567 674 1667 715 dixi.
1731 674 1886 715 Petere

280 744 545 786 consulatum
581 741 741 782 nescire
774 745 832 792 te,
868 740 996 790 Servi,
1036 754 1240 795 persaepe
1272 739 1349 779 tibi
1382 739 1494 785 dixi;
1535 744 1578 780 et
1608 739 1649 779 in
1681 739 1730 780 iis
1760 741 1886 781 rebus

279 810 394 865 ipsis,
432 823 535 863 quas
566 813 609 848 te
640 821 793 861 magno
827 811 870 847 et
903 806 1002 846 forti
1036 806 1174 846 animo
1206 810 1250 846 et
1282 819 1407 859 agere
1437 809 1481 846 et
1515 805 1652 846 dicere
1678 805 1883 854 videbam,

280 875 357 915 tibi
380 874 528 914 solitus
549 888 640 913 sum
664 873 802 912 dicere
825 871 959 926 magis
980 876 1024 913 te
1046 871 1200 912 fortem
1223 874 1463 911 senatorem
1485 871 1585 911 mihi
1607 870 1737 911 videri
1760 886 1886 926 quam

279 940 514 995 sapientem
537 938 823 979 candidatum.
888 937 1079 976 Primum
1099 935 1325 977 accusandi
1348 940 1531 977 terrores
1554 942 1597 978 et
1618 936 1764 986 minae,
1798 936 1885 992 qui-

279 1007 357 1047 bus
379 1010 426 1046 tu
449 1004 635 1059 quotidie
653 1003 714 1044 uti
737 1003 913 1052 solebas,
939 1006 1038 1043 sunt
1059 1001 1183 1042 fortis
1200 1001 1301 1048 viri;
1327 1001 1402 1041 sed
1424 1006 1468 1041 et
1490 1002 1628 1056 populi
1647 1001 1886 1057 opinionem

279 1087 305 1113 a
326 1087 399 1126 spe
421 1069 678 1125 adipiscendi
701 1073 911 1117 avertunt,
944 1072 988 1109 et
1018 1067 1247 1108 amicorum
1270 1066 1411 1107 studia
1433 1067 1666 1109 debilitant.
1730 1067 1885 1109 Nescio

280 1152 362 1193 quo
385 1140 508 1191 pacto
530 1150 695 1190 semper
726 1135 805 1175 hoc
837 1134 899 1185 fit,
934 1148 1069 1188 neque
1102 1133 1143 1173 in
1177 1147 1260 1173 uno
1290 1137 1364 1173 aut
1388 1132 1523 1174 altero
1552 1134 1886 1174 animadversum

280 1208 356 1252 est,
392 1202 466 1243 sed
495 1202 582 1255 jain
620 1201 660 1240 in
695 1200 907 1255 pluribus:
958 1199 1079 1239 simul
1113 1204 1241 1253 atque
1283 1198 1533 1240 candidatus
1573 1199 1886 1240 accusationem

278 1267 473 1310 meditari
512 1266 624 1306 visus
661 1270 737 1314 est,
775 1271 822 1305 ut
854 1265 1055 1305 honorem
1087 1264 1331 1319 desperasse
1364 1264 1567 1305 videatur.
1631 1264 1740 1316 Quid
1771 1279 1885 1319 ergo,

279 1338 499 1389 acceptam
526 1331 721 1386 injuriam
750 1330 942 1385 persequi
973 1344 1056 1370 non
1087 1328 1257 1384 placet?
1289 1329 1414 1369 immo
1437 1329 1705 1371 vehementer
1733 1330 1885 1385 placet,

279 1400 353 1441 sed
375 1398 486 1439 aliud
515 1403 682 1452 tempus
711 1401 776 1437 est
809 1395 990 1450 petendi,
1030 1394 1142 1434 aliud
1173 1394 1460 1450 persequendi.
1524 1395 1761 1436 Petitorem
1792 1410 1883 1450 ego,

278 1463 525 1520 praesertim
547 1462 804 1509 consulatus,
829 1475 980 1515 magna
1002 1474 1086 1514 spe,
1112 1474 1264 1515 magno
1282 1460 1433 1510 animo,
1450 1460 1613 1515 magnis
1630 1461 1759 1515 copiis
1781 1465 1824 1502 et
1845 1460 1888 1500 in

278 1532 414 1572 forum
436 1535 479 1570 et
502 1529 543 1569 in
565 1543 761 1583 campum
784 1526 932 1567 deduci
955 1527 1046 1566 volo
1066 1544 1074 1568 :
1110 1541 1193 1567 non
1214 1526 1356 1581 placet
1379 1526 1480 1566 1nihi
1509 1527 1723 1582 inquisitio
1745 1527 1888 1568 candi-

279 1596 381 1646 dati⁷
407 1593 654 1650 praenuntia
674 1593 887 1648 repulsae:
923 1607 1007 1632 non
1038 1591 1213 1633 testium
1244 1591 1387 1646 potius
1410 1607 1535 1646 quam
1557 1592 1887 1647 suffragatorum

280 1660 566 1716 comparatio:
607 1674 690 1699 non
728 1658 864 1698 minae
896 1657 1031 1711 inagis
1063 1672 1189 1712 quam
1223 1657 1479 1699 blanditiae:
1516 1672 1599 1698 non
1636 1658 1885 1699 declamatio

279 1727 422 1782 potius
455 1740 578 1780 quani
613 1723 912 1779 persalutatio:
947 1723 1197 1777 praesertim
1233 1737 1361 1777 quum
1393 1723 1481 1777 jam
1516 1723 1595 1764 hoc
1629 1738 1736 1763 novo
1770 1738 1886 1764 more

280 1806 424 1833 omnes
450 1791 536 1831 fere
565 1790 711 1829 domos
740 1788 924 1829 omnium
956 1793 1222 1835 concursent,
1254 1793 1297 1829 et
1330 1803 1381 1828 ex
1416 1788 1533 1828 vultu
1568 1788 1886 1829 candidatorum

280 1857 565 1912 conjecturam
598 1854 769 1902 faciant,
806 1857 1010 1908 quantum
1041 1853 1217 1908 quisque
1249 1853 1376 1893 animi
1407 1858 1450 1894 et
1483 1853 1698 1894 facultatis
1730 1853 1885 1895 habere

1102 2008 1153 2028 me
1166 1997 1199 2027 in
1215 1997 1384 2028 Tiburtino
1399 1997 1554 2037 Scipionis
1567 1997 1781 2027 (lerlamitavit
1798 1998 1883 2028 sitim

1103 2051 1267 2081 quaerens.
1317 2041 1404 2070 Haec
1420 2041 1505 2070 enim
1522 2041 1550 2070 ei
1567 2051 1676 2071 caussa
1691 2051 1759 2071 esse
1780 2041 1883 2071 decla-

1104 2085 1210 2114 mandi
1227 2083 1341 2114 solet.''
1390 2083 1528 2114 Cicero’s
1550 2094 1606 2114 son
1630 2085 1707 2114 used
1728 2084 1782 2114 the
1797 2085 1884 2114 word

324 2002 376 2032 21.
401 2001 515 2030 amisso
531 2000 602 2039 jam
628 1999 794 2038 tempora]
846 1998 959 2028 “Now
986 1998 1057 2028 that

280 2045 336 2075 the
360 2044 566 2083 opportunity
594 2044 621 2072 is
649 2042 803 2081 passe‹l:''
837 2042 891 2071 the
923 2042 1057 2071 election

280 2098 343 2118 was
363 2097 445 2117 over.
494 2087 602 2117 Cicero
626 2086 692 2115 told
718 2086 842 2114 Servius
861 2085 910 2114 liis
927 2085 1058 2124 opinion

281 2131 388 2161 before
405 2131 458 2159 tlie
475 2134 590 2159 matter
606 2139 668 2158 was
685 2128 813 2158 decided
831 2129 879 2168 (re
894 2128 1042 2167 integra).

326 2184 343 2203 α
360 2184 414 2212 3720
430 2173 628 2212 adipiscendi
645 2171 822 2210 arertzmt,]
874 2171 905 2201 If
920 2172 984 2201 this
1001 2172 1026 2201 is
1043 2181 1061 2200 a

281 2220 402 2247 correct
423 2216 503 2245 form
528 2217 562 2245 of
582 2215 773 2254 expression,
792 2215 815 2244 it
838 2215 864 2244 is
887 2218 918 2244 at
943 2215 1021 2244 least
1043 2224 1061 2243 a

281 2260 433 2290 defective
464 2259 555 2288 form.
604 2259 634 2288 It
665 2258 738 2287 does
770 2261 827 2287 not
859 2268 913 2297 say
944 2258 1061 2297 clearly

281 2303 366 2333 what
391 2303 416 2331 is
442 2306 548 2332 meant
573 2306 605 2331 to
630 2302 668 2330 be
693 2301 769 2336 said,
795 2301 897 2329 which
923 2301 949 2330 is
974 2301 1058 2330 this:

282 2347 339 2376 “it
361 2349 451 2375 turns
473 2356 558 2384 away
582 2345 635 2373 the
659 2344 787 2383 opinion
812 2344 847 2372 of
867 2344 921 2373 the
945 2344 1057 2382 people

280 2389 361 2419 from
379 2389 432 2418 tlie
449 2388 646 2427 expectation
664 2387 699 2416 of
712 2387 766 2415 the
778 2386 970 2416 candidate's
986 2397 1054 2416 suc-

281 2432 439 2462 cess.''—‘
451 2431 602 2460 honorem
620 2430 800 2468 desperasse
812 2429 830 2458 :’
856 2430 970 2459 Caesar
987 2440 1057 2469 says

283 2476 336 2516 (B.
352 2476 390 2505 G.
407 2475 449 2504 iii.
467 2474 532 2513 12),
550 2477 568 2489 “
580 2474 644 2503 suis
661 2473 792 2502 fortunis
806 2473 971 2511 desperare
987 2483 1056 2502 coe-

281 2517 430 2559 perunt‚”
462 2518 565 2547 where
597 2516 750 2546 ‘fortunis
765 2515 771 2527 ’
803 2516 829 2544 is
865 2516 918 2545 the
954 2516 1057 2545 dative

282 2562 336 2602 (Β.
354 2562 392 2592 G.
410 2561 460 2590 vii.
478 2563 529 2595 50,
556 2564 562 2576 ‘
575 2559 633 2588 sibi
658 2559 827 2597 desperans
843 2558 863 2591 :⁷
897 2559 958 2588 and
979 2562 985 2574 ¹
998 2559 1057 2588 sibi

280 2605 348 2644 ipse
373 2603 536 2643 desperat'
560 2603 592 2632 in
620 2603 682 2632 this
710 2599 865 2641 chapter).
914 2602 1055 2641 ‘Despe-

281 2658 349 2678 rare
362 2648 369 2661 ’
388 2648 413 2677 is
433 2647 499 2676 also
520 2646 597 2676 used
621 2645 695 2674 with
721 2648 728 2661 ⁶
741 2643 798 2674 de’
823 2645 885 2673 and
909 2655 949 2673 an
972 2645 1057 2674 abla-

282 2692 355 2721 tive.

326 2733 532 2772 (lec-lamatio]
574 2731 651 2761 This
667 2730 752 2760 word
769 2740 855 2759 came
872 2730 939 2759 into
956 2740 1011 2759 use
1027 2730 1059 2759 in

282 2778 420 2807 Cicero's
451 2777 537 2805 time.
588 2775 638 2804 He
666 2784 735 2812 says
770 2772 914 2811 (Brutus,
949 2783 975 2802 c.
1002 2774 1035 2811 9)
1051 2785 1057 2802 ε

283 2824 302 2838 “
318 2819 565 2851 Coninientabar
581 2817 795 2851 declaniitans,
814 2816 857 2845 sic
874 2816 956 2844 enini
974 2826 1059 2845 nunc

281 2864 465 2903 loquuntur,
484 2872 576 2902 saepe
592 2871 664 2890 cum
687 2860 733 2889 M.
754 2858 901 2888 Pisonos’
950 2858 988 2888 In
1004 2859 1059 2888 the

282 2907 418 2947 Philipp.
439 2906 482 2945 (v.
501 2907 555 2946 7):
582 2908 601 2921 “
615 2904 688 2944 Ipse
704 2903 823 2933 interea
842 2911 919 2931 xvu
938 2901 1003 2931 dies
1020 2902 1059 2931 de

1103 2128 1136 2157 in
1167 2138 1185 2157 a
1211 2128 1305 2157 letter
1336 2130 1370 2157 to
1395 2128 1469 2157 Tiro
1502 2126 1567 2167 (Ad
1600 2127 1687 2157 Fam.
1714 2128 1774 2156 xvi.
1806 2127 1881 2168 21):

1106 2171 1304 2200 “Praeterea
1331 2170 1531 2200 declamitare
1557 2171 1675 2200 Graece
1698 2171 1783 2209 apud
1806 2171 1883 2201 Cas-

1105 2214 1186 2244 sium
1220 2213 1378 2243 institui.”
1436 2218 1443 2230 ‘
1458 2213 1662 2243 Declamare’
1703 2223 1812 2243 means
1849 2217 1883 2244 to

1105 2258 1202 2297 speak
1226 2262 1282 2287 out
1306 2256 1418 2292 aloud;
1443 2260 1477 2286 to
1500 2257 1635 2296 practise
1658 2256 1795 2295 delivery
1818 2255 1884 2296 (De

1106 2301 1175 2330 Fin.
1192 2311 1222 2330 v.
1240 2299 1294 2340 ⁴2);
1319 2300 1380 2329 and
1397 2300 1462 2329 also
1481 2303 1514 2329 to
1538 2299 1633 2339 speak
1657 2299 1807 2339 publicly,
1826 2300 1883 2329 but

1102 2344 1136 2373 in
1153 2354 1171 2373 a
1186 2343 1274 2379 loud,
1289 2343 1452 2381 brawling‚
1469 2342 1585 2372 absurd
1607 2353 1673 2382 way
1692 2343 1767 2382 (Pro
1786 2343 1880 2372 Rosc.

1102 2387 1175 2416 Am.
1194 2397 1220 2416 e.
1240 2385 1308 2426 231).
1355 2386 1423 2415 The
1439 2387 1517 2415 later
1539 2386 1686 2424 meaning
1706 2386 1742 2415 of
1759 2386 1882 2415 ‘decla-

1103 2430 1199 2459 matio
1215 2429 1222 2442 ’
1240 2429 1265 2458 is
1281 2439 1299 2458 a
1312 2429 1436 2458 written
1453 2429 1611 2457 discourse
1626 2438 1666 2458 on
1683 2440 1701 2458 a
1716 2428 1883 2458 rhetorical

1103 2473 1234 2511 subject,
1249 2472 1326 2501 such
1342 2482 1375 2501 as
1392 2472 1445 2501 the
1463 2472 1714 2501 Declamationes
1731 2472 1766 2501 of
1780 2472 1882 2505 Quin-

1102 2516 1201 2545 tilian.
1249 2518 1255 2531 ‘
1271 2515 1311 2544 Et
1328 2514 1512 2544 declamatio
1531 2514 1606 2543 fias'
1626 2514 1713 2554 (Juv.
1732 2525 1761 2544 x.
1782 2514 1869 2555 167).

1107 2555 1112 2558 ³
1146 2558 1514 2596 omnes—-concursent‚]
1552 2561 1571 2574 “
1585 2558 1762 2596 According
1778 2561 1811 2587 to
1828 2559 1883 2588 the

1103 2604 1230 2641 present
1248 2601 1369 2630 fashion
1387 2600 1502 2629 almost
1523 2600 1565 2629 all
1588 2601 1642 2630 the
1666 2602 1778 2640 people
1794 2612 1882 2631 come

1102 2645 1134 2674 in
1159 2644 1277 2674 crowds
1301 2647 1334 2673 to
1358 2644 1413 2672 the
1436 2643 1551 2673 houses
1578 2644 1613 2673 of
1632 2644 1673 2673 all
1696 2645 1751 2674 the
1775 2645 1878 2674 candi-

1105 2686 1227 2723 dates,''
1250 2690 1283 2716 to
1308 2687 1379 2715 look
1403 2690 1435 2715 at
1459 2686 1557 2721 them,
1582 2691 1614 2716 to
1638 2698 1689 2716 see
1713 2687 1783 2716 how
1806 2688 1882 2727 they

1104 2730 1187 2759 look.
1249 2730 1358 2759 Cicero
1391 2728 1456 2768 (De
1494 2730 1600 2760 Divin.
1632 2730 1663 2759 ii.
1697 2730 1751 2769 63)
1792 2740 1882 2769 says:

1106 2777 1124 2790 “
1140 2774 1224 2803 Deos
1241 2782 1425 2801 concursare
1444 2773 1585 2802 omnium
1612 2774 1792 2803 mortalium
1816 2783 1881 2803 non

1104 2817 1198 2846 niodo
1233 2815 1340 2851 lectos,
1376 2825 1484 2844 verum
1521 2817 1613 2845 etiam
1654 2815 1882 2855 grabatos.’'-

1106 2859 1253 2889 ‘videsne
1264 2859 1284 2888 ε’
1309 2868 1355 2888 we
1371 2868 1435 2897 say,
1453 2861 1460 2875 ⁴
1474 2859 1575 2888 Don’t
1592 2869 1653 2900 you
1670 2860 1744 2890 see?
1759 2859 1766 2873 '
