2002 3235
725 195 859 237 GAP.
893 195 959 248 57,
984 198 1051 238 58.
1610 201 1694 241 427

85 311 205 366 cujus
245 310 382 352 reditu
423 309 668 364 restitutam
708 325 798 351 rem
837 309 1046 365 publicam
1080 310 1169 351 fore
1194 304 1406 366 putastis,
1442 324 1526 350 non
1560 311 1694 351 solum

85 376 308 432 dignitatis
330 375 600 426 ornamentis,
625 376 699 417 sed
721 375 849 417 etiam
878 376 993 416 urbis
1014 376 1205 431 partibus
1227 376 1329 417 velle
1356 390 1447 416 esse
1469 375 1694 430 privatum.

88 441 261 482 LVIII.
298 441 393 481 Non
424 456 490 481 me
518 441 725 482 bonorum
757 441 950 496 direptio,
973 456 1056 481 non
1088 446 1298 483 tectorum
1325 440 1494 488 excisio,
1519 455 1604 481 non
1627 441 1695 481 de-

84 507 298 563 populatio
321 506 599 562 praediorum,
624 521 706 547 non
729 507 885 561 praeda
907 506 1123 547 consulum
1145 522 1196 547 ex
1218 506 1322 547 meis
1343 505 1522 547 fortunis
1549 506 1695 546 crudea

85 573 241 613 lissime
263 577 389 627 capta
409 578 650 627 permovet:
686 572 846 613 caduca
877 587 1042 627 semper
1064 578 1105 613 et
1137 573 1307 613 mobilia
1334 572 1437 613 haec
1461 586 1553 612 esse
1582 572 1694 622 duxi,

85 654 169 679 non
202 638 371 680 virtutis
411 643 537 693 atque
579 638 746 693 ingenii,
787 639 861 679 sed
897 638 1094 679 fortunae
1135 645 1176 680 et
1220 644 1460 693 temporum
1492 652 1692 684 munera;

87 719 265 760 quorum
297 719 373 759 ego
406 718 488 744 non
521 709 608 745 tam
639 704 887 745 facultatem
918 719 1116 759 umquam
1148 711 1190 746 et
1223 705 1384 759 copiam
1417 704 1695 758 expetendam

86 769 231 825 putavi
271 784 397 824 quam
439 773 482 809 et
518 768 560 809 in
600 769 758 810 utendo
799 769 1005 809 rationem
1047 774 1090 810 et
1131 769 1171 810 in
1209 770 1390 810 carendo
1431 768 1694 825 patientiam.

89 835 261 876 Etenim
290 835 343 875 ad
365 839 555 875 nostrum
577 849 700 875 usum
721 835 1026 890 propemodum
1051 835 1141 889 jam
1167 840 1233 877 est
1262 835 1435 876 definita
1462 834 1695 876 moderatio

87 900 147 941 rei
184 900 425 948 familiaris;
473 900 614 940 liberis
654 905 796 940 autem
838 899 996 940 nostris
1037 900 1141 941 satis
1174 901 1359 956 amplum
1399 900 1697 956 patrimonium

87 965 254 1021 paterni
276 964 453 1005 nominis
475 979 524 1005 ac
547 965 770 1005 memoriae
792 970 962 1006 nostrae
984 965 1289 1020 relinquemus:
1323 967 1446 1006 domo
1467 980 1540 1020 per
1561 965 1697 1006 scelus

88 1036 246 1086 erepta,
284 1045 360 1086 per
399 1030 670 1071 latrocinium
712 1034 929 1085 occupata,
969 1046 1043 1085 per
1084 1031 1299 1086 religionis
1331 1031 1413 1071 vim
1454 1031 1697 1072 sceleratius

89 1097 219 1138 etiam
254 1096 476 1137 aedificata
511 1110 633 1151 quam
670 1110 827 1145 eversa,
865 1110 1008 1136 carere
1041 1096 1128 1136 sine
1164 1098 1347 1138 maxima
1380 1096 1608 1152 ignominia
1638 1096 1697 1136 rei

89 1165 295 1220 publicae,
318 1179 412 1205 meo
435 1164 639 1204 dedecore
662 1178 710 1203 ac
733 1163 875 1204 dolore
896 1178 978 1203 non
1007 1178 1192 1218 possum.
1258 1165 1538 1219 Quapropter,
1562 1163 1596 1204 si
1619 1163 1697 1203 diis

89 1230 407 1279 immortalibus,
439 1229 473 1269 si
504 1228 682 1279 senatui,
714 1228 749 1269 si
781 1229 935 1283 populo
968 1229 1172 1279 Romano,
1197 1229 1231 1269 si
1264 1235 1442 1271 cunctae
1476 1229 1636 1278 Italiae,
1661 1228 1696 1268 si

90 1295 325 1351 provinciis,
348 1295 383 1335 si
405 1294 562 1336 exteris
588 1294 840 1343 nationibus,
865 1294 899 1334 si
922 1294 1244 1349 vobismetipsis,
1270 1294 1340 1349 qui
1372 1294 1414 1334 in
1441 1309 1533 1334 mea
1559 1294 1696 1334 salut-e

89 1360 320 1416 principem
333 1375 497 1414 semper
518 1360 655 1400 locum
677 1359 1059 1414 auctoritatemque
1076 1359 1287 1409 tenuistis,
1305 1365 1472 1415 gratum
1487 1364 1530 1400 et
1547 1360 1692 1414 jucun-

91 1427 191 1466 dum
212 1440 350 1466 meum
377 1425 558 1465 reditum
586 1424 822 1480 intelligitis
843 1439 948 1474 esse,
973 1439 1129 1479 quaeso
1152 1424 1425 1479 obtestorque
1448 1440 1533 1474 vos,
1558 1424 1696 1480 ponti-

134 1559 187 1588 58.
213 1558 288 1588 Non
315 1567 364 1587 me
388 1579 396 1586 .
415 1579 422 1586 .
441 1579 449 1586 .
475 1559 632 1587 tectorum
664 1557 783 1586 excisio
811 1579 819 1585 .
838 1578 845 1585 .
865 1578 872 1585 .

85 1604 252 1640 permovet
270 1623 277 1630 .
295 1624 301 1630 .
322 1623 329 1629 .
347 1610 409 1629 non
420 1599 580 1639 pessuma]
630 1599 799 1629 Markland
816 1599 872 1629 ob-

91 1654 195 1674 serves
221 1644 292 1673 that
317 1643 405 1673 there
429 1643 455 1673 is
487 1642 716 1672 contradiction
746 1643 779 1672 in
810 1642 873 1671 this

920 1565 999 1592 meo,
1018 1556 1043 1585 si
1059 1555 1119 1586 erit
1134 1556 1198 1585 ulla
1220 1565 1270 1585 res
1293 1555 1429 1595 publica,
1456 1556 1532 1585 satis
1555 1556 1695 1595 amplum

919 1599 1144 1638 patrimonium
1160 1599 1337 1638 relinquam
1354 1600 1538 1629 memoriam
1561 1600 1698 1629 nominis

919 1641 1014 1672 mei.’'
1060 1642 1128 1671 The
1144 1643 1342 1681 comparison
1358 1643 1383 1672 is
1399 1643 1593 1672 instructive.
1636 1643 1698 1672 We

91 1690 239 1718 sentence
265 1687 408 1716 between
438 1686 493 1716 the
523 1685 696 1724 beginning
726 1685 788 1714 and
818 1686 872 1715 the
918 1695 969 1714 see
985 1685 1056 1714 how
1073 1685 1182 1715 Cicero
1199 1686 1312 1721 writes,
1337 1686 1399 1714 and
1415 1696 1461 1715 we
1483 1696 1533 1715 see
1548 1686 1619 1715 how
1634 1686 1697 1715 this

90 1731 173 1767 end3
199 1730 256 1760 but
272 1730 312 1759 he
329 1729 496 1759 concludes
519 1729 589 1758 that
604 1729 659 1758 the
676 1739 749 1757 man
766 1732 873 1758 meant

89 1777 124 1804 to
141 1784 195 1813 say
212 1774 293 1803 this:
321 1777 417 1802 “non
442 1776 617 1802 ceterorum
643 1776 799 1801 tectorum
819 1781 872 1801 ex-

92 1817 167 1847 cisio
194 1827 245 1846 me
271 1820 454 1856 permovet:
490 1815 612 1844 urbana
638 1819 744 1844 autem
776 1814 871 1844 domo

91 1859 176 1890 etc.’'
219 1860 270 1890 On
287 1859 388 1889 which
406 1859 527 1889 Gesner
543 1868 613 1897 says
628 1870 633 1887 :
662 1862 680 1874 ⁴‘
697 1858 783 1887 Vidit
800 1868 870 1887 sen-

91 1903 224 1933 tentiam
241 1903 370 1938 Censor,
396 1912 499 1941 neque
522 1905 631 1931 tamen
654 1911 719 1930 non
746 1905 872 1931 accusat

91 1956 239 1985 magnam
272 1946 439 1984 Scriptoris
470 1945 744 1979 inadvertentiam,
777 1954 870 1984 quem

92 1989 184 2018 docet
199 1989 289 2018 aliter
305 1988 439 2018 scribere
455 1988 609 2017 debuisse.
658 1987 729 2022 Sed,
747 1991 782 2017 ut
799 1991 872 2017 sunt

91 2032 215 2062 diversa
236 2031 401 2061 hominum
428 2031 546 2069 judicia
573 2034 604 2060 et
631 2031 728 2060 veluti
749 2034 871 2069 gustus,

91 2079 181 2115 puto,
210 2075 235 2104 si
262 2075 345 2103 inter
370 2074 539 2103 Pontifices
566 2073 747 2109 assiderem,
774 2073 872 2112 magis

91 2123 215 2148 motum
240 2128 290 2147 me
313 2117 409 2146 fuisse
432 2116 585 2146 brevitate
607 2116 661 2145 illa
681 2116 872 2151 vehementi,

93 2172 189 2201 quam
213 2161 327 2190 additis
351 2159 599 2198 exceptionibus,
616 2159 697 2188 veris
721 2159 782 2188 illis
803 2159 871 2198 qui-

94 2205 178 2240 dem,
203 2204 257 2234 sed
273 2213 337 2232 non
355 2202 536 2232 necessariis
558 2205 589 2231 et
605 2201 788 2240 languorem
804 2211 873 2230 ora-

94 2248 173 2277 tioni
207 2245 555 2277 conciliantibus.’'—“
569 2244 654 2277 Quid
684 2245 731 2274 vir
764 2244 874 2273 doctus

96 2290 316 2329 Gottiugensis
340 2299 488 2319 sensurus
507 2287 629 2323 fuisset,
647 2288 671 2316 si
690 2287 810 2317 Romae
826 2287 874 2316 in-

94 2337 144 2363 ter
170 2333 339 2364 Pontifices
361 2332 539 2366 assedisset,
567 2330 710 2360 dubitem
740 2340 781 2360 an
807 2330 875 2369 ipse

95 2377 264 2406 divinando
291 2375 415 2415 assequi
438 2375 596 2414 potuerit:
627 2377 660 2403 at
684 2377 803 2403 certum
828 2376 875 2402 est

96 2420 210 2459 (neque
239 2419 278 2449 de
302 2419 418 2448 talibus
444 2418 538 2447 rebus
564 2417 689 2446 diversa
713 2417 875 2445 hominum

86 2463 217 2501 judicia
243 2462 332 2501 sunt)
355 2462 382 2491 ei
401 2461 544 2490 Pontifici
565 2470 629 2489 non
653 2459 795 2489 excidere
818 2469 875 2498 po-

95 2506 194 2535 tuisse
218 2505 387 2534 barbarum
409 2504 599 2534 vocabulum
624 2503 877 2532 iamlam-lemine

96 2558 159 2588 quo
190 2558 230 2577 ne
259 2548 390 2586 Anglicc
421 2547 548 2586 quidem
587 2546 727 2576 scribens
762 2545 872 2574 Mark-

95 2591 209 2621 landus
225 2600 299 2619 usus
316 2594 383 2620 erat
396 2589 415 2603 '’
443 2589 576 2630 (Wolf).

141 2633 367 2672 eoepetemlam]
419 2633 513 2662 Some
537 2632 633 2662 MSS.
651 2632 729 2661 have
748 2634 875 2661 ‘exten-

96 2675 252 2706 dendam’
278 2686 313 2704 or
341 2679 348 2692 ⁴
363 2675 553 2705 extendam)
601 2675 616 2704 Ι
639 2675 678 2704 (10
702 2678 759 2703 not
783 2675 875 2703 know

96 2720 181 2749 what
205 2718 363 2757 authority
387 2719 476 2748 there
502 2719 527 2747 is
551 2718 600 2747 for
622 2716 875 2757 ‘expetendam,'

97 2763 156 2792 butv
171 2762 197 2791 it
213 2771 314 2791 seems
331 2766 363 2790 to
380 2761 419 2790 be
435 2762 489 2790 the
505 2761 589 2790 word
613 2761 682 2790 that
699 2761 724 2790 is
740 2760 875 2795 wanted,

97 2805 161 2835 and
184 2803 337 2844 probably
353 2804 378 2833 it
401 2804 426 2833 is
450 2804 504 2833 the
519 2803 605 2833 word
627 2804 698 2833 that
714 2814 776 2833 was
792 2803 876 2833 writ—

98 2851 164 2878 ten.

144 2891 254 2920 liberis
265 2912 272 2919 .
286 2912 292 2918 .
307 2889 572 2928 matrimonium]
590 2889 756 2919 Manutius
767 2892 878 2929 quotes

99 2933 181 2963 from
202 2943 221 2962 a
243 2932 336 2962 letter
359 2932 394 2961 of
414 2932 523 2962 Cicero
543 2935 575 2961 to
597 2931 740 2962 Coelius:
767 2935 786 2949 ‘⁶
799 2932 878 2962 Filio

918 1739 991 1758 man
1016 1728 1140 1758 writes:
1166 1729 1420 1768 “patrimonium
1445 1729 1569 1768 paterni
1595 1729 1698 1758 nomi-

918 1772 966 1800 nis
982 1781 1018 1800 ac
1034 1771 1203 1801 memoriae
1219 1771 1378 1801 nostrae.”

957 1825 1018 1853 pet·
1040 1815 1207 1853 reliyz‘mzis
1230 1815 1308 1853 vim]
1358 1814 1529 1844 Markland
1550 1814 1696 1844 observes

916 1858 987 1887 that
1014 1858 1047 1887 in
1075 1868 1101 1886 c.
1129 1859 1170 1887 42
1200 1859 1347 1887 ‘nomine
1374 1858 1552 1895 religionis’
1577 1858 1603 1887 is
1628 1858 1698 1887 well

917 1901 1002 1934 said:
1026 1900 1088 1930 and
1113 1901 1183 1930 that
1211 1904 1218 1917 ‘
1234 1900 1315 1930 vim'
1346 1901 1408 1930 and
1438 1901 1614 1939 ‘speciem’
1647 1911 1699 1930 are

917 1944 1003 1974 often
1020 1944 1171 1983 opposed,
1196 1954 1229 1973 as
1246 1944 1277 1973 in
1296 1944 1376 1983 Livy
1394 1944 1459 1983 (28.
1477 1954 1503 1973 c.
1522 1943 1589 1984 2⁴).
1638 1944 1699 1973 His

918 1987 1099 2017 conclusion
1116 1987 1141 2016 is
1158 1987 1228 2017 that
1243 1987 1297 2016 the
1315 1988 1419 2016 writer
1438 1987 1503 2016 said
1520 1997 1580 2016 one
1597 1987 1697 2025 thing,

917 2031 979 2060 and
1011 2034 1118 2059 meant
1148 2031 1291 2060 another.
1341 2030 1426 2060 Here
1456 2040 1503 2060 we
1534 2030 1613 2060 have
1644 2030 1699 2060 the

917 2084 1039 2102 auswer
1068 2077 1101 2102 to
1132 2073 1314 2103 “Markland
1363 2073 1488 2105 “Quod
1516 2073 1579 2102 vim
1609 2074 1697 2112 relig.

919 2117 1000 2145 male
1025 2116 1076 2145 hic
1096 2117 1230 2155 positam
1256 2117 1299 2145 ait
1323 2126 1379 2155 pro
1400 2117 1505 2154 specie
1522 2119 1551 2145 et
1569 2117 1699 2146 obtentu

917 2159 1088 2197 religionis,
1105 2159 1138 2188 in
1154 2169 1191 2188 eo
1207 2160 1270 2188 vim
1294 2164 1325 2188 et
1349 2157 1525 2194 δεινότητα
1549 2160 1699 2189 orationis

918 2211 983 2231 non
1005 2201 1129 2230 videtur
1152 2202 1228 2231 mihi
1252 2205 1425 2230 assecutus.
1472 2201 1518 2231 Ut
1541 2202 1573 2230 in
1599 2203 1701 2241 prima

919 2244 958 2273 ad
975 2244 1148 2273 Lentulum
1173 2245 1307 2283 epistola
1330 2245 1509 2273 calumniae
1534 2246 1700 2283 reliyionis

920 2291 1027 2326 posset
1050 2287 1163 2326 aliquis
1187 2288 1268 2316 forte
1289 2286 1480 2316 substituere
1507 2288 1642 2326 speciem
1668 2292 1700 2317 et

919 2329 1085 2359 obtentum
1108 2330 1286 2368 religionis3
1311 2329 1365 2359 sed
1385 2339 1450 2359 non
1475 2330 1552 2360 illud
1569 2331 1697 2366 diceret,

920 2373 1004 2412 quod
1028 2372 1183 2411 significat
1205 2373 1299 2402 simul
1315 2372 1436 2408 Cicero,
1460 2373 1545 2402 illam
1563 2374 1699 2413 speciem

921 2416 978 2445 niti
1001 2425 1147 2454 perversa
1165 2416 1424 2455 interpretatione
1444 2420 1476 2445 et
1491 2417 1700 2455 applicatione

921 2459 1069 2488 carminis
1087 2458 1250 2498 Sibyllini:
1275 2459 1319 2488 ita
1335 2459 1385 2488 hic
1401 2459 1502 2498 possis
1526 2470 1583 2498 pro
1604 2461 1634 2489 vi
1651 2470 1699 2489 re-

922 2503 1050 2540 liyionis
1065 2511 1183 2540 ponere
1195 2503 1329 2541 speciem
1341 2511 1364 2531 S.
1378 2503 1625 2532 simulationem.
1656 2502 1700 2532 At

921 2555 985 2574 non
1009 2545 1069 2573 hoc
1095 2548 1219 2573 tantum
1247 2545 1315 2573 vult
1341 2548 1459 2579 auctor,
1485 2545 1539 2574 sed
1563 2547 1624 2575 vim
1649 2545 1701 2574 hie

921 2591 1092 2626 grassatam
1124 2597 1203 2623 esse,
1235 2598 1329 2626 quam
1367 2587 1526 2625 religionis
1564 2592 1700 2617 armaret

921 2631 1079 2660 simulatio
1094 2630 1113 2643 ‘'
1141 2629 1303 2670 (Gesner).
1344 2633 1363 2646 “
1377 2630 1514 2669 Polypus
1533 2631 1665 2669 Hagnae
1680 2630 1699 2643 ⁷'

923 2673 1054 2714 (Wolf).

964 2726 1027 2751 ros,
1039 2717 1209 2755 pontifices
1227 2738 1233 2744 .
1253 2738 1259 2744 .
1277 2737 1284 2744 .
1303 2716 1469 2744 sententiis
1481 2716 1696 2754 restituistis-J

922 2760 1087 2789 Manutius
1115 2759 1260 2788 observes
1278 2758 1346 2786 that
1371 2761 1377 2773 ‘
1390 2758 1554 2787 sententiis
1567 2758 1573 2770 '
1593 2768 1700 2788 means

923 2803 975 2832 ‘in
1009 2803 1126 2832 Senatu
1166 2801 1278 2831 dictis.’
1326 2800 1536 2839 Accordingly
1567 2801 1609 2830 all
1642 2801 1701 2831 'the

924 2846 1103 2880 Pontifices,
1120 2845 1170 2874 for
1197 2848 1203 2861 ‘
1219 2854 1273 2873 vos
1298 2843 1466 2873 Pontifices
1479 2843 1485 2855 '
1505 2853 1612 2873 means
1638 2847 1645 2860 ⁴
1659 2844 1701 2873 all

925 2888 1107 2918 Pontifices’
1125 2898 1205 2917 were
1233 2888 1400 2922 Senators3
1428 2886 1529 2915 which
1544 2897 1591 2916 we
1608 2887 1701 2916 know

923 2934 956 2962 to
981 2931 1020 2961 be
1036 2931 1113 2961 false
1135 2930 1199 2970 (De
1226 2930 1341 2965 Domo,
1369 2939 1396 2959 c,
1427 2930 1454 2966 l,
1471 2928 1572 2970 note).
1620 2930 1651 2959 It
1674 2930 1700 2960 is
