2063 3242
228 211 312 252 424
678 208 859 251 ORAT.
892 207 975 250 DE
1009 207 1189 250 DOMO
1223 207 1347 250 SUA

228 330 371 367 tamen
393 325 699 367 obversabatur
719 329 819 366 ante
841 323 986 365 oculos
1007 324 1282 366 exstinctoris
1303 323 1367 365 sui
1396 327 1439 365 et
1461 324 1514 364 ab
1540 323 1664 366 istius
1686 323 1848 364 inflam-

228 396 344 433 mato
366 396 495 447 atque
527 390 731 432 indomito
753 391 894 431 furore
913 389 1002 444 jam
1033 394 1125 431 tum
1156 405 1223 431 me
1254 404 1381 445 seque
1410 390 1646 445 repetebat.
1709 390 1849 441 Quare

230 457 331 513 quid
363 463 429 499 est
461 456 626 505 mirum,
665 456 699 497 si
734 456 813 497 iste
849 460 990 497 metus
1022 455 1162 496 furore
1184 456 1422 503 instinctus,
1453 456 1610 497 scelere
1633 469 1847 510 praeceps,

230 538 366 578 neque
384 523 603 564 institutas
625 521 901 563 caerimonias
923 521 1117 577 persequi
1139 523 1470 578 neque-verbum
1491 521 1620 562 ullum
1651 520 1851 562 sollemne

230 589 371 645 potuit
393 589 507 629 effari
527 589 540 629 ἕ

294 655 418 695 LVI.
473 655 590 707 Quae
633 668 762 709 qumn
803 653 863 694 ita
904 652 1002 703 sint,
1046 652 1282 708 pontifices,
1326 657 1522 694 revocate
1559 653 1649 707 jam
1689 652 1852 693 animos

233 725 398 762 vestros
432 721 485 761 ab
508 720 586 760 hac
609 719 755 761 subtili
790 723 938 760 nostra
960 718 1247 775 disputatione
1279 719 1332 759 ad
1354 718 1594 759 universam
1626 733 1714 760 rem
1748 719 1852 774 pub-

231 787 368 836 licam,
386 800 510 841 quam
532 791 659 826 antea
681 799 777 825 cum
795 784 894 825 viris
915 784 1096 826 fortibus
1113 783 1269 834 multis,
1295 783 1337 824 in
1359 784 1437 825 hac
1460 799 1560 825 vero
1583 799 1732 825 caussa
1753 783 1853 825 solis

233 852 386 893 vestris
438 850 671 892 cervicibus
720 850 955 892 sustinetis.
1022 850 1159 891 Vobis
1208 849 1391 891 universi
1433 855 1607 891 senatus
1648 854 1854 905 perpetua

231 917 477 967 auctoritas,
511 916 579 958 cui
607 921 771 957 vosmet
793 916 871 972 ipsi
906 915 1256 972 praestantissimi
1294 930 1460 971 semper
1498 916 1540 956 in
1577 930 1671 956 mea
1702 929 1854 956 caussa

232 982 503 1040 praefuistisg
539 982 658 1023 vobis
691 981 843 1023 Italiae
879 981 1325 1037 magnificentissimus
1358 982 1426 1022 ille
1459 986 1601 1023 motus
1637 980 1855 1035 municipi-

234 1064 438 1104 orumque
456 1063 686 1089 concursus
702 1065 712 1095 ;
739 1047 857 1088 vobis
874 1062 1058 1102 campus,
1076 1047 1445 1103 centuriarumque
1458 1062 1541 1087 una
1555 1062 1635 1088 vox
1654 1046 1854 1095 omnium,

235 1129 411 1171 quarum
445 1129 518 1155 vos
543 1113 756 1169 principes
784 1118 912 1168 atque
949 1118 1145 1154 auctores
1167 1113 1335 1161 fuistis3
1371 1112 1489 1153 vobis
1512 1127 1656 1154 omncs
1677 1112 1857 1153 societa-

234 1186 312 1230 tes,
338 1194 484 1221 omncs
506 1179 688 1228 ordines,
713 1194 870 1229 omneS,
895 1178 966 1234 qui
989 1184 1065 1221 aut
1087 1193 1132 1220 re
1169 1184 1243 1220 aut
1274 1194 1348 1235 spe
1381 1179 1561 1234 denique
1593 1185 1693 1220 sunt
1729 1178 1853 1227 bona,

236 1261 359 1287 omne
392 1261 514 1286 suum
537 1259 640 1299 erga
661 1259 796 1285 meam
820 1244 1075 1299 dignitatem
1106 1245 1295 1286 studium
1327 1250 1371 1286 et
1388 1245 1594 1300 judicium
1618 1259 1700 1284 non
1731 1243 1856 1284 modo

236 1311 519 1358 commissum,
577 1324 722 1350 verum
782 1309 913 1350 etiam
973 1311 1315 1351 commendatum
1371 1325 1463 1351 esse
1519 1309 1856 1351 arbitrabuntur.

237 1377 434 1431 Denique
463 1375 542 1431 ipsi
576 1375 632 1415 dii
663 1375 937 1425 immortales,
960 1376 1030 1431 qui
1052 1376 1159 1417 hanc
1192 1377 1338 1417 urbem
1370 1381 1498 1431 atque
1532 1376 1611 1416 hoc
1637 1375 1859 1431 imperium

236 1448 426 1493 tuentur,
468 1447 516 1483 ut
558 1446 672 1483 esset
719 1441 913 1482 omnibus
961 1442 1161 1497 gentibus
1215 1441 1537 1497 posteritatique
1592 1441 1859 1496 perspicuum

237 1510 376 1550 divino
398 1524 464 1550 me
494 1508 661 1549 numine
684 1523 776 1549 esse
799 1508 857 1549 rei
887 1509 1083 1564 publicae
1112 1509 1338 1559 redditum,
1364 1508 1521 1549 idcirco
1543 1507 1642 1548 mihi
1664 1507 1860 1549 videntur

236 1576 420 1616 fructum
443 1575 579 1630 ipsum
602 1574 764 1615 reditus
787 1580 830 1616 et
855 1575 1154 1630 gratulationis
1175 1590 1293 1616 meae
1315 1575 1370 1616 ad
1397 1589 1569 1616 suorum
1591 1573 1860 1614 sacerdotum

237 1646 496 1697 potestatem
524 1640 815 1696 judiciumque
852 1656 1087 1684 revocasse.
1152 1641 1236 1682 Hic
1268 1646 1335 1682 est
1371 1641 1482 1681 enim
1514 1640 1687 1689 reditus,
1722 1639 1861 1694 ponti-

238 1708 351 1757 fices,
379 1707 482 1747 haec
506 1706 736 1757 restitutio,
767 1707 810 1747 in
839 1707 976 1756 domo,
1001 1707 1042 1747 in
1075 1706 1262 1756 sedibus,
1287 1706 1329 1746 in
1356 1706 1454 1755 aris,
1478 1706 1519 1746 in
1551 1705 1667 1755 focis,
1702 1704 1744 1745 in
1781 1704 1861 1744 diis

239 1773 465 1829 penatibus
487 1772 787 1827 recuperandis
806 1790 816 1820 ;
853 1788 1031 1828 quorum
1053 1773 1087 1814 si
1105 1773 1185 1814 iste
1207 1773 1294 1813 suis
1310 1771 1645 1813 sceleratissimis
1666 1770 1862 1811 manibus

240 1844 358 1880 tecta
374 1839 580 1893 sedesque
603 1838 811 1887 convellit,
827 1839 1088 1894 ducibusque
1103 1838 1360 1886 consulibus,
1379 1843 1599 1893 tamquam
1616 1838 1719 1877 urbe
1735 1840 1862 1892 capta

241 1904 349 1945 hanc
385 1919 512 1945 unam
545 1905 728 1954 domum,
760 1903 879 1959 quasi
915 1904 1107 1944 acerrimi
1144 1903 1487 1959 propugnatoris,
1527 1903 1605 1944 sibi
1641 1903 1862 1944 delendam

242 1970 420 2025 putavit,
444 1975 588 2011 tamen
619 1970 676 2010 illi
706 1969 762 2010 dii
793 1974 969 2025 penates
990 1984 1038 2011 ac
1067 1970 1292 2011 familiares
1323 1970 1406 2010 mei
1443 1985 1516 2025 per
1537 1984 1612 2010 vos
1649 1969 1691 2010 in
1725 1984 1863 2010 meam

244 2037 416 2078 domum
448 2051 612 2078 mecum
648 2042 771 2078 erunt
808 2036 1010 2078 restituti.

244 2144 300 2184 ing
326 2144 358 2174 in
385 2144 441 2174 the
462 2144 597 2174 editions
622 2144 648 2174 is
676 2143 821 2183 ‘ignito‚’
847 2144 896 2174 for
925 2143 1027 2174 which

245 2188 336 2218 there
352 2188 377 2217 is
393 2188 555 2227 authority
573 2188 699 2226 (Franc.
718 2191 749 2217 et
767 2187 910 2228 Dresd.).

290 2231 351 2261 We
367 2232 446 2261 have
464 2232 530 2270 just
551 2241 625 2261 seen
642 2231 726 2261 what
741 2231 796 2261 the
825 2234 831 2247 ‘
846 2241 961 2269 magna
983 2231 1030 2260 vis

247 2274 278 2304 in
318 2275 450 2304 deorum
497 2275 725 2304 immortalium
764 2275 895 2304 numine
908 2274 915 2287 ’
956 2284 1030 2304 was.

247 2318 309 2347 We
325 2328 406 2348 were
426 2318 492 2348 told
509 2318 599 2348 there
621 2328 683 2347 was
698 2318 763 2347 also
779 2328 797 2347 a
812 2321 901 2357 great
919 2318 982 2347 ‘vis
999 2318 1031 2347 in

248 2361 317 2400 ipsa
331 2371 365 2390 re
381 2360 506 2400 publica
518 2361 537 2397 ;'
562 2361 623 2390 and
651 2361 726 2390 here
749 2361 774 2391 it
790 2362 835 2391 is:
862 2365 881 2378 ‘⁴
893 2361 1032 2400 Though

248 2404 403 2434 banished
420 2404 495 2433 with
512 2404 633 2439 Cicero,
651 2404 715 2433 still
731 2404 785 2434 the
802 2407 809 2420 ⁴
823 2414 873 2434 res
885 2404 1012 2444 publica
1024 2404 1031 2417 ’

249 2457 312 2476 was
328 2450 456 2486 present
472 2446 578 2476 before
595 2448 649 2477 the
665 2457 737 2487 eyes
753 2448 789 2477 of
808 2448 848 2477 its
864 2448 1032 2483 extinctor,

249 2490 313 2520 and
329 2491 409 2520 from
433 2490 482 2520 his
505 2491 582 2529 fiery
604 2490 665 2519 and
691 2491 842 2520 untamed
866 2491 937 2530 fury
954 2501 1033 2520 even

250 2537 283 2564 at
312 2533 367 2563 the
390 2537 533 2563 moment
563 2533 739 2563 demanded
766 2533 847 2563 back
875 2533 1031 2563 me—and

249 2576 369 2607 itself.''
415 2577 494 2606 This
511 2586 572 2606 was
594 2577 720 2615 enough
744 2580 777 2606 to
803 2576 961 2606 confound
979 2577 1033 2606 the

250 2620 355 2650 fellow
370 2620 432 2649 and
457 2623 527 2659 stop
551 2620 598 2649 his
626 2619 738 2649 mouth
767 2620 885 2659 (neque
900 2619 1032 2649 verbum

251 2664 351 2694 ullum
369 2663 521 2693 sollemne
537 2662 641 2702 potuit
657 2662 771 2702 effari).

241 2750 274 2789 f
296 2708 349 2779 5?
372 2707 484 2736 subtili
500 2709 610 2736 nostra
622 2705 854 2745 disputatione]

268 2751 316 2780 uti
333 2751 353 2780 i.

898 2705 1035 2735 “Immo

410 2750 515 2782 Quam
557 2749 766 2778 mutationem
805 2748 831 2778 si
869 2748 939 2788 quis
977 2758 1035 2788 pro

253 2793 475 2823 emendatione
500 2792 641 2832 accipere
658 2791 752 2826 volet,
770 2801 835 2821 non
859 2791 964 2821 minus
981 2791 1034 2820 de-

252 2837 312 2866 erit
340 2836 500 2866 Ciceronis
527 2835 698 2866 auctoritas
724 2845 818 2874 quam
840 2834 873 2864 in
892 2838 940 2864 tot
967 2834 1035 2864 aliis

252 2879 509 2909 correctionibus.
557 2878 684 2918 Quippe
700 2881 732 2908 et
748 2878 807 2907 hoc
830 2881 878 2907 est
898 2877 1034 2907 vocabu-

252 2923 319 2953 lum
333 2922 584 2952 Ciceronianum.
632 2921 710 2951 Mox
722 2920 897 2950 Lambinus
909 2921 1036 2958 corrigit

252 2966 313 2996 soli
329 2967 443 2997 vestris
471 2966 648 2996 cervicibus
663 2974 721 3005 pro
736 2965 822 3002 solis,
839 2966 924 2995 recta
947 2963 1034 2994 Lati-

1076 2036 1225 2078 LVII.
1273 2036 1483 2089 Quocirca
1519 2040 1575 2087 te,
1611 2035 1860 2091 Capitoline,

1073 2144 1184 2179 nitate,
1196 2144 1255 2174 etsi
1267 2143 1350 2174 idem
1362 2144 1537 2183 significare
1544 2143 1643 2173 voluit
1654 2143 1786 2179 Auctor,
1797 2152 1862 2172 non

1075 2189 1213 2218 cervices
1229 2197 1390 2227 opponere
1401 2188 1540 2226 pedibus
1556 2190 1611 2216 aut
1632 2186 1700 2216 aliis
1717 2186 1861 2225 partibus

1075 2232 1215 2270 corporis
1229 2230 1249 2245 ”
1268 2230 1454 2271 (Wolf).—-‘
1467 2231 1541 2260 solis
1552 2230 1571 2259 :'
1596 2233 1604 2247 ⁴
1616 2230 1697 2266 soli‚’
1714 2230 1833 2259 Baiter.

1120 2285 1210 2304 omne
1237 2274 1346 2313 suum]
1398 2277 1530 2303 ‘omnes
1555 2274 1588 2303 hi
1615 2273 1732 2309 suum‚'
1766 2273 1863 2303 Grae-

1076 2318 1161 2352 vius;
1198 2321 1314 2347 ‘omne
1345 2316 1460 2353 suu1n‚'
1489 2317 1652 2348 Garatoni.
1712 2316 1751 2346 In
1777 2326 1864 2346 some

1077 2362 1129 2391 old
1153 2361 1288 2391 editions
1304 2361 1330 2390 it
1346 2371 1408 2390 was
1425 2364 1432 2377 ‘
1447 2371 1542 2391 omne
1557 2359 1670 2390 vobis.'
1718 2362 1725 2376 ⁴
1741 2360 1863 2390 Omnes

1078 2404 1172 2439 tum,’
1191 2405 1227 2435 C.

1122 2457 1184 2477 mm
1200 2448 1293 2477 modo
1311 2448 1525 2481 commissum,
1542 2456 1653 2476 verum
1666 2447 1763 2476 etiam
1780 2455 1866 2476 com-

1077 2490 1279 2529 mendatum]
1330 2493 1350 2506 “
1366 2490 1541 2519 Particulae
1564 2499 1674 2519 verum
1695 2491 1792 2519 etiam
1808 2499 1864 2528 ap-

1077 2534 1200 2573 positae
1223 2534 1290 2563 voci
1315 2533 1439 2562 levioris
1463 2533 1635 2571 dignitatis,
1653 2533 1692 2562 de
1715 2543 1778 2572 qua
1801 2532 1864 2561 ele-

1078 2577 1185 2615 gantia
1200 2576 1271 2605 vide
1297 2576 1404 2608 Quum
1433 2576 1574 2611 Senatui,
1599 2586 1625 2605 c.
1652 2574 1704 2605 5”
1732 2574 1865 2616 (Wolf).

1080 2621 1138 2649 See
1155 2619 1208 2649 the
1231 2622 1307 2648 note
1323 2628 1364 2648 on
1389 2619 1498 2652 Quum
1524 2619 1665 2656 Senatui,
1683 2629 1710 2649 c.
1732 2622 1771 2649 5:
1798 2622 1817 2635 ‘⁴
1832 2620 1866 2648 in

1080 2664 1258 2693 contionem
1276 2661 1451 2692 escendil.'’

1124 2706 1193 2735 Hic
1210 2727 1217 2734 .
1241 2727 1248 2735 .
1268 2727 1274 2734 .
1294 2706 1371 2735 haec
1395 2707 1570 2741 restitutio,
1599 2706 1633 2735 in
1659 2705 1762 2741 domo,
1787 2704 1862 2744 &c.]

1081 2751 1100 2765 “
1117 2748 1160 2778 H.
1177 2758 1205 2777 e.
1223 2748 1416 2787 simplicius:
1441 2749 1524 2778 Tum
1550 2748 1628 2778 mihi
1654 2758 1726 2778 vere
1749 2748 1866 2778 redisse

1079 2802 1116 2821 ac
1146 2791 1311 2821 restitutus
1337 2802 1405 2822 esse
1435 2792 1577 2828 videbor,
1605 2802 1703 2831 quum
1735 2791 1865 2820 domum

1080 2845 1194 2869 meam,
1227 2835 1316 2864 sedes
1352 2839 1411 2865 etc.
1437 2833 1697 2874 recuperavero”
1731 2834 1864 2874 (Wolf).

1082 2877 1147 2907 But
1173 2878 1237 2907 this
1255 2878 1458 2908 Declamator
1482 2888 1578 2908 never
1601 2888 1673 2918 says
1694 2887 1756 2917 any
1772 2877 1866 2916 thing

1080 2921 1113 2950 in
1129 2931 1148 2950 a
1162 2921 1260 2960 plain,
1278 2922 1391 2961 simple
1407 2932 1484 2961 way.

1123 2965 1176 3000 57.
1207 2965 1365 3001 Quocirca
1379 2967 1419 3002 le,
1438 2964 1645 3004 Oapitoline,]
1683 2963 1762 2993 This
1775 2972 1863 3001 mag-2
