2002 3235
786 193 920 236 CAP.
952 195 990 246 4,
1016 197 1055 235 5.
1642 197 1728 243 437

115 324 141 351 a
180 323 248 351 me
289 309 339 350 de
375 313 471 351 tota
506 307 702 350 contione
734 308 929 351 audietis.
993 308 1050 350 V.
1094 308 1162 350 De
1197 308 1481 364 religionibus,
1516 311 1646 352 sacris
1681 318 1725 354 et

116 374 378 416 caerimoniis
419 379 486 416 est
526 374 809 423 contionatus,
854 378 1000 429 patres
1041 374 1282 430 conscripti,
1328 374 1523 417 Clodius:
1573 375 1623 417 P.
1664 377 1724 417 in-

114 455 241 495 quam
264 439 433 481 Clodius
455 455 576 481 sacra
597 444 641 481 et
663 439 886 495 religiones
914 439 1083 495 negligi,
1107 440 1263 491 violari,
1288 440 1415 495 pollui
1444 446 1619 495 questus
1643 447 1723 483 est.

117 505 214 546 Non
249 505 412 557 mirum,
448 505 483 547 si
516 506 596 546 hoc
629 505 748 546 vobis
789 505 1009 546 ridiculum
1043 506 1222 547 videtur.
1287 506 1429 547 Etiam
1465 521 1541 547 sua
1583 507 1724 548 contio

113 571 207 612 risit
228 571 450 622 hominem,
475 572 684 627 quomodo
708 571 794 626 ipse
815 571 984 627 gloriari
1005 572 1125 622 solet,
1151 572 1342 613 ducentis
1364 571 1576 613 confixum
1605 587 1724 613 sena-

114 637 403 687 tusconsultis,
427 653 534 694 quae
566 642 665 678 sunt
697 637 836 678 omnia
867 643 1015 679 contra
1046 638 1159 679 illum
1191 653 1265 693 pro
1298 637 1570 693 religionibus
1594 638 1721 689 facta,

113 702 405 758 hominemque
438 718 531 744 eum
564 703 635 758 qui
667 702 952 758 pulvinaribus
985 703 1130 744 Bonae
1163 704 1265 744 deae
1296 707 1492 759 stuprum
1520 703 1721 754 intulerit,

114 783 248 824 eaque
270 783 390 810 sacra
419 784 524 824 quae
546 769 619 810 viri
649 768 779 810 oculis
810 784 862 810 ne
894 769 1171 824 imprudentis
1201 769 1370 825 quidem
1390 769 1522 825 aspici
1550 769 1614 810 fas
1643 773 1722 819 est,

114 850 197 876 non
220 835 352 875 solum
383 840 559 890 aspectu
580 835 698 884 virili,
723 835 796 876 sed
818 835 979 889 flagitio
1010 840 1240 891 stuproque
1262 836 1441 885 violarit,
1464 836 1506 876 in
1527 835 1725 877 contione

115 901 166 942 de
198 901 471 956 religionibus
507 901 716 956 neglectis
750 901 963 956 conqueri.
1028 902 1180 956 Itaque
1214 917 1324 943 nunc
1359 902 1549 957 proxima
1582 902 1723 943 contio

114 966 205 1021 ejus
226 971 500 1022 exspectatur
522 967 573 1006 de
595 966 812 1021 pudicitia.
876 967 986 1019 Quid
1008 966 1119 1008 enim
1140 967 1318 1008 interest
1339 973 1481 1008 utrum
1509 968 1563 1008 ab
1584 967 1725 1008 altari-

113 1031 194 1072 bus
215 1031 540 1086 religiosissimis
560 1032 735 1087 fugatus
758 1033 807 1073 de
833 1033 967 1074 sacris
989 1037 1033 1074 et
1057 1032 1331 1087 religionibus
1353 1030 1648 1089 conqueratur,
1671 1048 1725 1074 an

114 1112 167 1138 ex
201 1111 393 1138 sororum
435 1097 626 1139 cubiculo
663 1113 857 1153 egressus
893 1099 1096 1154 pudorem
1133 1098 1461 1154 pudicitiamque
1498 1099 1725 1140 defendat?

114 1162 381 1218 Responsum
403 1163 675 1219 haruspicum
697 1164 776 1205 hoc
799 1179 945 1205 recens
969 1165 1020 1205 de
1041 1164 1211 1206 fremitu
1234 1164 1275 1204 in
1298 1165 1495 1206 contione
1516 1165 1723 1214 recitavit,

113 1228 155 1269 in
178 1244 259 1284 quo
283 1244 378 1270 cum
402 1229 494 1270 aliis
522 1229 666 1270 multis
694 1230 898 1285 scriptum
929 1230 1058 1271 etiam
1090 1229 1189 1270 illud
1212 1235 1289 1279 est,
1314 1230 1356 1271 id
1387 1231 1498 1286 quod
1530 1230 1721 1279 audistis,

118 1294 232 1336 Loca
267 1309 388 1336 sacra
418 1299 462 1336 et
492 1295 690 1350 religiosa
724 1296 899 1350 profana
931 1295 1091 1336 haberi.
1156 1296 1207 1336 In
1238 1311 1288 1337 ea
1319 1311 1470 1337 caussa
1497 1311 1588 1337 esse
1620 1296 1726 1337 dixit

115 1360 286 1401 domum
318 1375 454 1401 meam
487 1376 512 1400 a
546 1360 861 1415 religiosissimo
896 1361 1118 1402 sacerdote
1154 1361 1204 1403 P.
1239 1362 1384 1403 Clodio
1419 1367 1722 1403 consecratam.

116 1426 291 1467 Gaudeo
322 1425 423 1466 mihi
455 1426 505 1466 de
531 1430 625 1466 toto
656 1426 736 1467 hoc
760 1430 943 1475 ostento,
968 1427 1081 1481 quod
1111 1427 1223 1468 haud
1249 1427 1337 1468 scio
1359 1442 1412 1468 an
1433 1427 1725 1483 gravissimum

114 1492 259 1533 multis
279 1491 344 1532 his
365 1491 486 1532 annis
508 1491 605 1532 huic
627 1491 761 1532 ordini
782 1491 1023 1533 nuntiatum
1045 1492 1113 1541 sit,
1138 1493 1281 1534 datam
1303 1507 1385 1533 non
1407 1493 1532 1533 modo
1550 1493 1723 1547 justam,

115 1558 190 1598 sed
218 1558 345 1599 etiam
376 1557 658 1598 necessariam
690 1572 883 1598 caussam
913 1573 1003 1599 esse
1026 1558 1207 1599 dicendi.
1269 1558 1508 1614 Reperietis
1536 1558 1646 1600 enim
1674 1574 1727 1599 ex

78 1641 87 1651 *
115 1624 194 1664 hoc
218 1628 310 1665 toto
332 1623 524 1678 prodigio
546 1627 674 1678 atque
697 1638 913 1678 responso,
938 1639 1015 1665 nos
1037 1624 1088 1664 de
1118 1624 1240 1665 istius
1268 1624 1425 1665 scelere
1447 1639 1496 1664 ac
1518 1624 1657 1665 furore
1678 1639 1727 1665 ac

116 1690 168 1730 de
200 1689 539 1745 impendentibus
570 1688 766 1743 periculis
797 1689 992 1730 maximis
1023 1704 1152 1745 prope
1179 1690 1268 1744 jam
1296 1704 1397 1730 voce
1420 1689 1544 1730 Jovis
1567 1689 1727 1744 Optimi

118 1755 298 1796 Maximi
320 1754 596 1810 praemoneri.
662 1754 746 1795 Sed
768 1754 949 1810 primum
966 1755 1142 1810 expiabo
1164 1755 1406 1809 religionem
1429 1755 1595 1796 aedium
1616 1769 1728 1796 mea*

115 1837 220 1872 rum,
244 1820 279 1862 si
312 1821 353 1862 id
384 1821 522 1862 facere
544 1835 641 1862 vere
672 1834 722 1861 ac
753 1820 843 1862 sine
875 1821 1124 1876 cujusquam
1155 1820 1421 1863 dubitatione
1449 1826 1623 1876 potero:
1664 1820 1727 1861 sin

160 1963 190 1991 5.
216 1960 371 2000 quomodo
392 1960 459 1999 ipse
472 1959 627 1998 qlorz'czri]
677 1959 781 1989 These
797 1958 898 1989 words

116 2004 199 2034 refer
214 2007 247 2033 to
260 2003 315 2033 the
331 2006 338 2019 ‘
353 2003 489 2032 ducenta
502 2001 797 2032 senatusconsulta)
829 2002 899 2032 The

118 2046 291 2076 ‘ducenta’
310 2056 402 2075 mean
427 2056 533 2084 many,
555 2046 657 2075 which
682 2045 736 2075 the
758 2045 898 2075 Romans

117 2090 205 2120 often
225 2100 352 2129 express
376 2089 418 2128 by
443 2094 449 2105 ⁴
463 2088 633 2118 sexcenta.5
680 2088 758 2118 This
781 2089 807 2118 is
831 2088 897 2118 said

118 2133 297 2169 ‘oratorie‚’
330 2132 378 2162 for
408 2132 449 2161 all
479 2132 533 2161 the
574 2132 605 2160 S.
618 2131 654 2161 C.
682 2131 785 2160 which
818 2141 898 2161 were

118 2177 256 2206 directed
281 2176 404 2216 against
429 2175 559 2205 Clodius
584 2174 637 2203 did
663 2178 720 2204 not
743 2174 842 2203 relate
865 2177 899 2204 to
958 2194 978 2208 u

116 2220 260 2259 religion.

161 2265 225 2293 viri
242 2263 343 2293 oculis
360 2285 367 2292 .
387 2285 394 2292 .
414 2285 420 2291 .
439 2263 569 2301 aspectu
586 2260 702 2299 virili‚]
730 2259 900 2289 Markland

117 2310 217 2336 wants
234 2310 267 2336 to
289 2306 381 2335 know
405 2305 475 2344 why
492 2305 547 2334 the
566 2304 669 2333 writer
684 2303 760 2332 adds
778 2306 785 2319 ‘
800 2303 879 2332 virili
891 2302 898 2316 ’

117 2350 198 2380 aster
214 2350 329 2388 having
352 2348 417 2378 said
435 2348 511 2377 ‘viri
528 2348 625 2377 oculis
639 2346 658 2383 ;’
682 2346 743 2376 and
761 2346 902 2375 whether

118 2393 208 2423 there
231 2403 294 2423 was
318 2403 379 2432 any
395 2391 514 2430 danger
538 2391 573 2420 of
595 2390 642 2420 his
667 2390 824 2429 polluting
847 2389 901 2418 the

119 2437 311 2466 ceremonies
337 2439 344 2452 ⁶
357 2435 511 2474 adspectu
527 2433 672 2463 muliebri
689 2437 744 2462 aut
759 2430 899 2472 equino.'

121 2480 242 2509 Gesner
272 2489 407 2509 answers
439 2478 524 2507 him:
560 2477 675 2507 “Adeo
708 2486 772 2505 non
803 2476 902 2506 sensit

119 2523 177 2552 Vir
208 2523 330 2558 doctus,
362 2532 458 2561 quam
499 2524 651 2559 augeatur
691 2520 809 2549 crimen
840 2519 901 2548 hoc

120 2566 284 2605 epitheto?
345 2565 494 2594 Potuitne
529 2565 574 2593 vir
613 2563 774 2602 adspicere
815 2572 901 2591 sacra

121 2609 230 2638 Bonae
259 2609 344 2638 Deae
365 2609 513 2647 adspectu
531 2607 678 2646 fortuito
704 2606 753 2635 vel
770 2606 901 2644 sriqido

121 2652 171 2681 vel
195 2652 374 2690 7·eliyioso?
398 2651 430 2680 in
459 2661 521 2690 quo
549 2650 652 2679 minor
679 2649 780 2688 culpa,
811 2649 903 2688 culpa

120 2698 239 2724 tamen.
286 2695 330 2724 At
346 2694 475 2724 Clodius
487 2693 533 2722 vir
542 2694 636 2722 etiam
651 2694 739 2722 virili
750 2693 903 2731 adspectu

122 2748 159 2768 ea
203 2737 440 2773 contaminavit,
480 2736 708 2775 reduplicativa
748 2736 904 2775 significa-

121 2781 218 2816 tione,
236 2785 272 2809 ut
288 2780 462 2820 loquuntur
481 2779 669 2814 scholastici,
687 2783 843 2818 quatenus
859 2779 904 2808 vir

122 2827 201 2859 erat,
234 2826 389 2862 quatenus
416 2823 517 2852 virum
542 2822 668 2851 volebat
694 2823 727 2851 in
756 2822 906 2861 Pompeia

123 2865 301 2896 exserere”
335 2864 500 2905 (Gesner).
548 2865 711 2895 “Acutius
746 2865 906 2895 interdum

123 2914 269 2939 movetur
284 2909 341 2939 Vir
357 2908 468 2938 doctus
483 2907 502 2921 ’'
529 2908 658 2947 (Wolf).
707 2908 792 2939 Here
817 2908 908 2947 again

125 2952 248 2984 Gesner
274 2952 299 2982 is
326 2951 421 2991 right,
447 2951 509 2981 and
533 2951 704 2982 Markland
728 2951 755 2982 is
778 2961 906 2991 wrong:

944 1969 1053 1998 wrong
1082 1959 1113 1989 in
1145 1969 1205 1988 one
1232 1969 1301 1998 way
1327 1957 1390 1988 and
1411 1957 1496 1997 right
1520 1957 1553 1987 in
1584 1957 1728 1987 another,

944 2002 991 2032 for
1007 2003 1048 2032 he
1065 2013 1127 2032 saw
1143 2003 1213 2032 that
1229 2002 1254 2031 it
1271 2012 1333 2031 was
1350 2011 1429 2041 poor
1445 2001 1531 2030 stuff.

988 2047 1026 2075 de
1039 2046 1199 2085 fremitu]
1253 2045 1322 2075 The
1353 2045 1441 2074 noise
1464 2044 1499 2073 of
1526 2053 1620 2079 arms,
1652 2044 1678 2073 it
1704 2044 1730 2073 is

944 2089 1113 2129 supposed,
1131 2089 1186 2118 the
1210 2089 1299 2118 noise
1322 2088 1359 2117 of
1371 2088 1480 2124 battle,
1502 2097 1536 2117 as
1554 2087 1637 2118 Ovid
1659 2097 1730 2128 says

945 2131 1010 2171 (xv.
1028 2131 1118 2172 783),
1136 2132 1254 2171 quoted
1271 2131 1312 2170 by
1328 2131 1434 2160 Wolf:

1086 2192 1185 2221 Arma
1213 2191 1296 2220 inter
1322 2191 1428 2230 nigras
1455 2190 1643 2230 crepitantia
1669 2200 1729 2220 nu-

1033 2234 1101 2270 bes,

989 2276 1224 2316 Terribilesque
1258 2276 1364 2313 tubae,
1407 2276 1578 2317 auditaque
1613 2287 1731 2307 cornua

1033 2319 1154 2350 caelo.”

946 2388 1032 2418 Dion
1050 2398 1120 2427 says
1136 2388 1206 2418 that
1221 2388 1277 2417 the
1288 2388 1377 2418 noise
1390 2398 1452 2418 was
1468 2388 1570 2418 under
1585 2388 1708 2428 ground
1723 2399 1730 2424 ;

946 2431 1000 2461 the
1040 2431 1164 2461 rumble
1203 2430 1240 2460 of
1275 2441 1315 2460 an
1357 2431 1552 2471 earthquake
1594 2431 1730 2471 perhaps

948 2474 988 2514 (c.
1005 2473 1073 2513 28).

989 2518 1201 2547 neeessariam
1213 2527 1357 2547 caussam
1369 2540 1376 2546 .
1387 2541 1394 2547 .
1408 2540 1415 2547 .
1427 2517 1583 2557 dicendi]
1610 2520 1628 2533 “
1637 2517 1730 2556 Opti-

947 2571 998 2590 ma
1020 2560 1137 2590 locutio
1154 2563 1223 2589 est:
1249 2560 1304 2589 sed
1320 2560 1524 2590 vehementer
1545 2559 1667 2595 dubito,
1691 2570 1731 2588 an

948 2604 1092 2634 Ciceroni
1120 2607 1229 2633 nostro
1260 2606 1325 2633 tam
1357 2613 1485 2633 necesse
1512 2604 1607 2632 fuerit-
1637 2602 1732 2632 verba

948 2647 1050 2677 facere
1076 2646 1115 2676 de
1145 2646 1205 2676 hoc
1235 2649 1369 2675 ostento.
1416 2647 1512 2682 Nam,
1545 2646 1569 2675 si
1605 2655 1732 2674 necesse

949 2691 1069 2724 fuisset,
1091 2690 1116 2719 si
1132 2700 1160 2719 v.
1184 2700 1212 2728 g.
1240 2689 1272 2718 in
1300 2689 1360 2718 hoc
1384 2689 1452 2728 ipso
1483 2689 1600 2718 Senatu
1626 2692 1731 2718 actum

950 2737 1032 2764 esset
1053 2733 1092 2762 de
1119 2732 1268 2772 prodigiis
1296 2732 1357 2761 illis
1384 2736 1415 2761 et
1441 2732 1653 2770 Haruspicum
1682 2741 1733 2760 re-

950 2777 1083 2816 sponsis
1101 2786 1164 2805 non
1182 2780 1246 2805 tam
1265 2775 1376 2804 misere
1392 2775 1557 2804 erravisset
1569 2774 1685 2804 Orator
1700 2774 1735 2803 in

950 2824 1018 2850 toto
1060 2819 1199 2855 exordio,
1242 2823 1413 2857 antequam
1451 2818 1491 2847 ad
1529 2818 1732 2847 novissimam

953 2863 1055 2894 Clodii
1077 2863 1258 2893 concionem
1287 2865 1319 2891 et
1345 2861 1419 2890 hinc
1441 2861 1480 2890 ad
1499 2861 1560 2890 ista
1582 2870 1735 2900 responsa

952 2906 1163 2947 perveniret''
1206 2903 1625 2944 (Wolf).—‘praemoneri,'
1671 2903 1739 2942 G.;

955 2949 1178 2991 ‘promoneri,’
1198 2949 1233 2979 P.
1251 2948 1303 2984 E„
1323 2947 1440 2978 Baiter.
