2063 3242
300 220 384 262 464
542 218 723 262 ORAT.
757 219 840 261 DE
875 218 1301 262 HARUSPICUM
1336 218 1675 261 RESPONSIS

300 334 520 390 Pompeio,
543 334 814 376 laudaturum
835 334 952 375 illum
973 349 1057 375 non
1078 334 1221 376 fuisse.
1284 334 1396 388 Quid
1417 334 1541 384 enim,
1565 334 1600 375 si
1625 334 1683 375 illi
1714 333 1913 376 inimicis·-

299 399 432 441 simus
460 406 584 452 esset,
609 400 787 455 amplius
819 400 872 440 ad
901 400 994 454 ejus
1019 400 1186 442 laudem
1217 400 1487 442 minuendam
1508 400 1647 441 facere
1672 399 1912 455 potuisset?

301 465 491 508 Videant
523 466 551 506 ii
584 465 655 521 qui
692 465 807 505 illum
844 464 920 506 Gn.
957 465 1162 521 Pompeio
1204 466 1418 507 inimicum
1451 480 1543 507 esse
1579 466 1824 521 gaudebant
1859 465 1912 506 ob

299 546 475 587 eamque
509 547 697 572 caussam
731 531 773 572 in
809 536 876 573 tot
910 532 1125 587 tantisque
1158 532 1386 573 sceleribus
1418 532 1712 580 connivebam,
1736 536 1780 572 et
1810 546 1913 572 non-

299 612 526 653 numquam
548 598 640 652 ejus
661 596 888 638 indomitos
910 603 1038 653 atque
1061 598 1291 639 effrenatos
1313 598 1476 639 furores
1506 598 1655 653 plausu
1677 597 1807 639 etiam
1835 612 1912 639 suo

298 664 671 718 prosequebantur,
709 677 834 718 quam
865 678 910 704 se
943 663 1027 704 cito
1060 663 1294 705 inverterit.
1358 663 1481 704 Nunc
1511 662 1622 704 enim
1645 663 1735 717 jam
1766 662 1913 704 laudat

299 729 440 771 illum:
476 729 517 769 in
543 744 616 770 eos
646 729 856 770 invehitur
885 729 1036 784 quibus
1068 743 1113 769 se
1144 734 1269 770 antea
1297 729 1559 770 venditabat.
1624 728 1735 780 Quid
1767 728 1910 769 existi-

298 794 426 835 matis
457 810 563 845 eum,
589 795 623 835 si
655 795 819 835 reditus
849 794 886 835 ei
917 794 1082 849 gratiae
1114 794 1316 849 patuerit,
1350 809 1442 835 esse
1474 795 1698 845 facturum,
1725 794 1794 849 qui
1823 799 1912 835 tam

298 860 479 901 libenter
520 861 562 901 in
598 860 835 916 opinionem
876 860 1042 916 gratiae
1083 861 1269 915 irrepat?
1337 860 1498 900 XXV.
1543 861 1659 912 Quas
1696 875 1774 915 ego
1810 860 1913 900 alias

298 926 565 981 optimatium
589 927 821 968 discordias
843 927 971 968 a·diis
994 927 1302 968 immortalibus
1325 926 1485 968 definiri
1508 927 1680 982 putem?
1714 941 1810 966 nam
1832 926 1912 967 hoc

299 993 469 1048 quidem
491 994 618 1034 verbo
641 1008 775 1048 neque
800 993 848 1034 P.
875 993 1046 1034 Clodius
1068 1007 1203 1047 neque
1229 992 1452 1048 quisquam
1482 993 1533 1033 de
1557 992 1799 1048 gregalibus
1820 992 1912 1046 ejus

298 1064 374 1099 aut
395 1059 446 1099 de
469 1058 717 1100 consiliariis
740 1058 1000 1113 designatur.
1064 1057 1240 1100 Habent
1264 1057 1439 1099 Etrusci
1467 1057 1560 1098 libri
1583 1065 1699 1099 certa
1727 1058 1909 1108 nomina,

300 1139 408 1180 quae
430 1125 470 1165 in
499 1125 540 1166 id
573 1140 707 1180 genus
739 1125 891 1165 civium
923 1124 1073 1165 cadere
1102 1124 1281 1179 possint.
1343 1138 1649 1173 DETERIORES,
1676 1137 1912 1173 REPULSOS,

299 1191 413 1246 quod
441 1191 530 1245 jam
563 1190 756 1239 audietis,
788 1190 866 1230 hos
899 1189 1127 1244 appellant,
1156 1203 1333 1244 quorum
1365 1193 1409 1230 et
1442 1194 1608 1230 mentes
1642 1194 1686 1230 et
1716 1204 1782 1229 res
1813 1194 1912 1229 sunt

300 1257 491 1312 perditae
527 1256 733 1311 longeque
774 1271 799 1297 a
840 1255 1050 1296 communi
1091 1256 1228 1296 salute
1270 1254 1523 1309 disjunctae.
1587 1256 1739 1307 Quare,
1783 1269 1913 1310 quum

299 1323 357 1363 dii
388 1322 646 1363 immortales
674 1326 847 1362 monent
876 1322 928 1362 de
958 1320 1227 1376 optimatium
1260 1320 1482 1370 discordia,
1506 1321 1557 1361 de
1586 1320 1912 1362 clarissimorum

298 1394 345 1429 et
366 1388 523 1443 optime
546 1387 790 1428 meritorum
812 1386 962 1427 civium
986 1385 1245 1426 dissensione
1270 1385 1534 1441 praedicunt⁷
1561 1401 1688 1441 quum
1717 1385 1912 1441 principi-

299 1456 379 1495 bus
412 1454 644 1509 periculum
677 1454 932 1508 caedemque
966 1453 1237 1507 portendunt,
1266 1452 1308 1492 in
1342 1457 1435 1493 tuto
1467 1453 1674 1500 collocant
1707 1452 1909 1502 Clodium,

298 1520 371 1575 qui
402 1524 571 1561 tantum
601 1520 722 1561 abest
753 1535 779 1560 a
810 1518 1068 1574 principibus
1100 1522 1307 1573 quantum
1337 1532 1362 1558 a
1392 1518 1520 1573 puris,
1544 1524 1749 1574 quantum
1774 1533 1799 1558 a
1819 1517 1913 1559 reli-

298 1586 443 1641 giosis.
507 1585 654 1635 Vobis,
692 1600 716 1626 o
754 1584 974 1626 clarissimi
1007 1589 1135 1639 atque
1172 1583 1319 1639 optimi
1353 1583 1478 1634 cives,
1512 1589 1555 1625 et
1588 1590 1755 1626 vestrae
1786 1583 1913 1624 saluti

299 1651 601 1693 consulendum
637 1655 682 1692 et
715 1650 1055 1706 prospiciendum
1086 1649 1244 1691 vident.
1306 1649 1467 1691 Caedes
1500 1650 1736 1706 principum
1771 1654 1914 1690 osten-

299 1717 439 1765 ditur;
475 1717 516 1757 id
537 1718 648 1772 quod
671 1716 890 1758 interitum
911 1715 1180 1771 optimatium
1203 1715 1322 1770 sequi
1350 1730 1525 1757 necesse
1547 1721 1614 1757 est
1638 1715 1909 1771 adjungitur:

299 1798 351 1823 ne
372 1783 414 1823 in
436 1782 558 1823 unius
581 1782 801 1837 imperium
827 1797 894 1822 res
922 1781 1085 1822 recidat
1106 1781 1394 1821 admonemur.
1458 1782 1528 1821 Ad
1551 1797 1675 1837 quem
1697 1786 1855 1822 metum
1876 1780 1913 1821 si

299 1850 475 1889 deorum
507 1848 680 1890 monitis
713 1863 798 1888 non
831 1848 1093 1896 duceremur,
1121 1851 1264 1887 tamen
1297 1846 1376 1901 ipsi
1406 1852 1550 1888 nostro
1584 1862 1709 1888 sensu
1745 1847 1914 1901 conjec-

300 1920 479 1969 turaque
516 1928 769 1969 raperemur.
834 1913 981 1968 Neque
1018 1912 1129 1953 enim
1170 1912 1279 1952 ullus
1315 1912 1422 1953 alius
1464 1913 1769 1954 discordiarum
1805 1912 1914 1953 solet

299 1994 391 2020 esse
420 1979 558 2020 exitus
589 1979 700 2019 inter
732 1978 869 2019 claros
898 1983 942 2019 et
974 1982 1172 2032 potentes
1193 1977 1314 2028 viros,
1339 1977 1418 2018 nisi
1450 1983 1525 2020 aut
1556 1979 1774 2019 universus
1805 1978 1912 2019 inte-

299 2044 406 2085 ritus
436 2049 510 2085 aut
541 2044 713 2085 victoris
745 2043 986 2085 dominatus
1017 2048 1092 2084 aut
1125 2057 1315 2098 regnum.
1378 2042 1591 2085 Dissensit
1625 2058 1720 2084 cum
1754 2042 1908 2094 Mario,

301 2110 532 2151 clarissimo
555 2109 654 2159 cive,
676 2109 822 2150 consul
844 2108 1130 2149 nobilissimus
1152 2113 1196 2150 et
1217 2108 1484 2159 fortissimus,
1505 2109 1554 2149 L.
1571 2109 1698 2150 Sulla.
1744 2109 1912 2150 Horum

300 2180 477 2232 uterque
497 2175 558 2217 ita
585 2174 740 2216 cecidit
762 2174 897 2216 victus
926 2179 974 2215 ut
995 2174 1130 2216 victor
1151 2174 1264 2215 idem
1284 2174 1538 2230 regnaverit.
1602 2174 1708 2215 Cum
1732 2174 1911 2217 Octavio

1128 2326 1270 2357 ‘reditus
1294 2324 1434 2366 gratiae’
1462 2325 1527 2366 (De
1548 2326 1640 2356 Prov.
1668 2325 1763 2357 Cons.
1788 2335 1815 2355 c.
1843 2327 1908 2362 203

1129 2370 1189 2399 Pro
1220 2370 1292 2400 Mil.
1320 2380 1346 2399 c.
1374 2371 1435 2406 32;
1460 2370 1511 2399 Ad
1537 2370 1605 2399 Att.
1637 2370 1669 2400 ii.
1695 2368 1742 2410 3).
1790 2369 1912 2399 Gesner

301 2326 454 2357 Garatoni
471 2326 608 2365 thought
632 2327 703 2357 that
721 2327 785 2357 this
808 2336 871 2357 was
887 2326 928 2356 all
950 2325 1081 2365 trifling‚

299 2370 326 2400 if
346 2371 370 2400 it
385 2380 447 2399 was
469 2370 535 2399 said
559 2370 721 2410 seriously‚
740 2370 798 2400 but
818 2371 843 2400 it
858 2371 884 2400 is
901 2373 967 2400 not.
1013 2370 1082 2399 The

299 2413 486 2443 foundation
509 2413 545 2442 of
565 2413 619 2443 the
643 2414 826 2443 merriment
849 2414 885 2449 is,
910 2414 935 2442 it
955 2414 982 2443 is
1005 2413 1081 2449 said,

299 2457 370 2487 that
393 2457 447 2486 the
470 2459 612 2485 senators
632 2456 724 2486 knew
741 2457 811 2486 that
835 2457 1005 2496 Pompeius
1020 2466 1083 2485 was

299 2503 358 2530 not
383 2499 558 2529 reconeiled
589 2502 622 2528 to
654 2500 794 2534 Clodius,
825 2510 860 2529 as
885 2510 903 2529 a
927 2500 1021 2529 letter
1051 2499 1087 2528 of

300 2543 411 2574 Cicero
428 2546 461 2572 to
478 2542 525 2571 his
548 2541 677 2571 brother
693 2543 795 2572 shows
812 2541 888 2582 (Ep.
906 2543 955 2572 Ad
971 2543 1011 2575 Q.
1030 2542 1081 2571 Fr.

299 2587 342 2617 iii.
362 2586 408 2626 4).
455 2585 552 2621 Wolf,
578 2585 659 2614 after
686 2586 792 2624 giving
823 2585 1003 2615 Garatoni’s
1028 2595 1082 2614 ex-

299 2629 473 2670 planation,
497 2638 587 2667 says=
614 2631 633 2645 ‘⁴
647 2628 748 2657 Nobis
764 2632 800 2657 ut
822 2629 943 2667 reliqua
970 2628 1082 2657 horum

299 2684 365 2703 non
391 2672 568 2712 displicent,
593 2671 637 2700 ita
656 2671 754 2710 jocari
778 2681 863 2700 nunc
890 2675 994 2700 orator
1018 2681 1082 2700 non

299 2717 434 2750 videtur,
462 2715 514 2744 sed
532 2715 692 2753 vulgarem
718 2715 909 2743 sententiam
935 2715 974 2743 de
990 2715 1083 2743 laude

299 2759 473 2799 turpissimi
490 2758 625 2787 hominis
643 2768 792 2796 magnum
810 2758 910 2786 virum
927 2757 1082 2786 dehones-

300 2806 389 2832 tante
419 2801 513 2831 nimis
540 2801 702 2840 pueriliter
732 2805 941 2840 persequutus
979 2799 1082 2829 esse.''

299 2847 385 2876 That
400 2846 426 2875 is
442 2845 497 2874 the
509 2848 580 2874 true
596 2844 807 2883 explanation.

344 2890 470 2919 reditus
497 2889 524 2918 ei
544 2889 672 2927 qratiae
682 2885 860 2926 patuerit,]
910 2885 1082 2915 Markland

301 2932 450 2962 observes
473 2931 543 2961 that
566 2931 621 2960 the
648 2931 789 2960 Romans
812 2929 878 2959 said
903 2929 1026 2958 ‘redire
1049 2929 1081 2958 in

301 2974 457 3015 gratiam‚'
475 2974 538 3005 and
562 2974 701 3005 ‘reditus
716 2974 750 3004 in
772 2971 928 3013 gratiam,'
954 2972 1011 3003 but
1026 2975 1083 3003 not

1128 2413 1244 2442 admits
1261 2413 1330 2442 that
1347 2416 1354 2430 ‘
1368 2413 1486 2442 reditus
1503 2413 1620 2452 gratiae
1633 2412 1640 2426 ’
1657 2413 1732 2442 does
1748 2416 1804 2442 not
1817 2422 1911 2442 occur

1128 2456 1314 2492 elsewhere3
1339 2456 1397 2486 but
1422 2456 1462 2486 he
1488 2456 1560 2485 asks
1588 2456 1615 2485 if
1638 2456 1687 2485 for
1709 2456 1780 2485 that
1797 2465 1910 2485 reason

1128 2499 1238 2530 Cicero
1269 2499 1362 2528 could
1393 2503 1449 2528 not
1478 2499 1558 2528 have
1588 2499 1713 2528 written
1750 2499 1799 2528 it?
1858 2499 1910 2528 He

1128 2547 1240 2582 quotes
1255 2541 1407 2572 Horace's
1424 2542 1541 2581 ‘prisca
1553 2542 1661 2571 Venus
1673 2541 1768 2572 redit'
1787 2541 1908 2581 (Carm.

1127 2586 1169 2615 iii.
1188 2585 1233 2624 9),
1251 2595 1285 2614 as
1301 2585 1328 2614 if
1339 2585 1365 2614 it
1380 2595 1460 2615 were
1477 2585 1531 2614 the
1547 2595 1633 2615 same
1649 2585 1751 2624 thing.

1171 2630 1220 2658 25.
1248 2629 1380 2657 Habent
1393 2629 1527 2658 Etrusci
1539 2629 1632 2666 libri]
1665 2629 1735 2658 The
1752 2628 1909 2658 Etruscan

1126 2671 1217 2700 ‘libri
1232 2670 1239 2683 '
1257 2671 1292 2700 of
1304 2671 1359 2700 the
1384 2671 1594 2701 Declamator.
1644 2672 1739 2702 Klotz
1761 2672 1909 2711 properly

1124 2714 1266 2743 remarks
1298 2714 1367 2743 that
1406 2725 1467 2754 any
1504 2714 1587 2754 body
1627 2716 1719 2744 could
1754 2716 1909 2753 interpret

1129 2760 1136 2774 ¹
1149 2757 1340 2793 Deterioroe,
1368 2758 1525 2796 Repulsos
1537 2757 1544 2769 '
1569 2759 1637 2797 just
1652 2769 1686 2787 as
1703 2758 1743 2787 he
1769 2757 1907 2797 pleased.

1129 2803 1148 2817 ‘⁶
1162 2800 1249 2829 Bene
1269 2804 1388 2836 monet,
1414 2811 1451 2830 ex
1481 2801 1687 2831 Etruscorum
1712 2802 1798 2830 libris
1813 2801 1909 2830 verba

1128 2853 1184 2872 sua
1204 2843 1331 2882 petiisse
1350 2844 1551 2884 Haruspices.
1598 2845 1683 2874 Nam
1705 2845 1825 2874 Romae
1844 2854 1908 2873 non

1126 2887 1300 2925 reperimus
1324 2887 1385 2916 ista
1410 2888 1539 2917 nomina
1568 2891 1732 2927 tamquam
1763 2891 1848 2917 certa
1877 2889 1909 2916 et

1126 2930 1254 2969 propria
1278 2930 1310 2959 in
1338 2930 1397 2960 hoc
1420 2941 1535 2968 genere
1568 2935 1729 2971 usurpata,
1755 2930 1908 2971 oppositis

1127 2974 1336 3013 optinentibus
1350 2972 1369 2986 ’'
1388 2974 1517 3015 (Wolf).
