2002 3235
114 2047 292 2101 judices,
316 2048 579 2089 confitemur.

761 166 894 210 GAP.
929 169 1112 209 10—12.
1657 173 1738 214 249

133 280 321 337 putatis?
386 281 527 322 Multa
548 280 657 322 enim
678 286 778 323 sunt
799 282 1017 336 ejusmodi,
1036 282 1215 337 judiceS,
1238 286 1285 323 ut
1307 282 1473 323 etiamsi
1501 282 1542 322 in
1574 283 1739 326 homine

133 347 224 402 ipso
246 347 296 387 de
319 361 400 401 quo
428 346 569 402 agitur
599 346 852 402 negligenda
884 347 982 398 sint,
1013 353 1156 389 tamen
1189 347 1231 388 in
1265 347 1507 389 conditione
1538 353 1665 403 atque
1698 350 1740 391 in

134 412 322 467 exemplo
345 412 679 467 pertimescenda
701 412 934 453 videantur.
983 413 1069 454 XI.
1095 413 1138 454 Si
1157 428 1281 468 quem
1302 413 1443 453 infimo
1464 413 1556 454 1000
1579 419 1737 465 natum,

131 476 244 518 nullo
283 477 505 532 splendore
541 477 666 527 vitae,
709 477 821 518 nulla
862 478 1226 520 commendatione
1267 478 1414 529 famae,
1459 479 1737 530 defenderem,

131 546 274 584 tamen
296 543 428 584 civem
456 559 482 584 a
511 543 671 584 civibus
700 544 932 585 communis
960 545 1237 586 humanitatis
1266 545 1361 600 jure
1383 559 1432 586 ac
1455 545 1738 588 misericordia

132 608 391 663 deprecarer,
413 624 465 650 ne
486 609 642 664 ignotis
673 609 867 659 testibus,
899 625 951 651 ne
979 610 1181 660 incitatis,
1210 624 1262 650 ne
1287 610 1545 651 accusatoris
1574 625 1737 652 conses-

131 674 307 723 soribus,
333 674 528 723 convivis,
560 675 940 724 contubernalibus,
972 690 1025 716 ne
1054 675 1304 725 hominibus,
1339 675 1510 716 levitate
1548 675 1735 727 Graecis,

132 740 382 782 crudelitate
415 739 616 791 barbaris,
661 740 794 781 civem
829 755 879 781 ac
915 739 1145 795 supplicem
1180 745 1366 782 vestrum
1403 741 1639 789 dederetis3
1685 757 1737 783 ne

129 804 408 860 periculosam
443 805 721 847 imitationem
747 805 926 860 exempli
960 805 1131 860 reliquis
1163 805 1205 846 in
1241 811 1458 861 posterum
1486 807 1734 862 proderetis,

131 869 215 910 Sed
237 885 365 925 quum
390 871 437 912 L.
463 871 605 912 Flacci
627 885 693 912 res
714 875 878 926 agatur,
913 871 1034 925 cujus
1060 885 1112 911 ex
1141 871 1296 912 familia
1319 871 1388 927 qui
1410 872 1569 927 primus
1591 873 1737 914 consul

127 935 265 976 factus
287 941 362 985 est,
387 935 546 991 primus
574 936 616 976 in
644 937 724 977 hac
748 936 918 977 civitate
941 937 1086 977 consul
1106 937 1212 986 fuit3
1249 938 1369 992 cujus
1389 938 1546 980 virtute
1567 938 1736 994 regibus

128 1002 420 1043 exterminatis
452 1002 624 1043 libertas
657 1002 699 1043 in
732 1017 777 1043 re
810 1002 976 1057 publica
1006 1002 1241 1044 constituta
1269 1009 1360 1051 est;
1395 1018 1501 1058 quae
1528 1019 1659 1059 usque
1681 1005 1735 1045 ad

126 1067 206 1108 hoc
229 1072 396 1123 tempus
424 1067 664 1117 honoribus,
688 1068 885 1123 imperiis,
904 1084 1043 1109 rerum
1073 1074 1288 1123 gestarum
1319 1069 1464 1124 gloria,
1489 1071 1736 1112 continuata

126 1133 357 1187 permansit
375 1150 385 1179 ς
411 1148 620 1188 quumque
641 1134 695 1173 ab
718 1133 796 1174 hac
818 1134 989 1188 perenni
1011 1138 1331 1190 contestataque
1352 1135 1507 1176 virtute
1529 1137 1734 1190 majorum

124 1213 208 1238 non
229 1199 353 1239 modo
375 1214 457 1240 non
489 1199 757 1254 degenerarit
788 1199 837 1240 L.
863 1199 1054 1249 Flaccus,
1088 1201 1174 1250 sed,
1208 1200 1250 1240 in
1282 1215 1363 1256 qua
1384 1201 1564 1242 maxime
1585 1201 1734 1242 florere

124 1264 291 1318 generis
331 1264 394 1305 sui
431 1264 607 1319 gloriam
644 1264 821 1314 viderat,
859 1265 1023 1306 laudem
1059 1265 1221 1320 patriae
1258 1265 1299 1305 in
1332 1265 1570 1307 libertatem
1603 1267 1732 1307 vindi-

125 1329 282 1370 candae
304 1334 471 1385 praetor
491 1329 725 1378 adamarit3
761 1330 802 1370 in
824 1330 903 1372 hoc
929 1346 1006 1385 ego
1037 1345 1108 1371 reo
1138 1346 1189 1371 ne
1212 1331 1322 1385 quod
1353 1331 1630 1386 perniciosum
1662 1347 1732 1373 ex-

125 1394 306 1449 emplum
327 1395 532 1450 prodatur
553 1395 858 1449 pertimescam,
882 1396 923 1436 in
946 1411 1041 1451 quo,
1066 1396 1230 1437 etiamsi
1249 1396 1346 1451 quid
1369 1402 1561 1446 errasset,
1586 1412 1731 1439 omnes

123 1459 221 1500 boni
243 1460 547 1501 connivendum
569 1475 659 1501 esse
681 1460 1019 1502 arbitrarentur?
1071 1462 1193 1514 Quod
1215 1462 1381 1517 quidem
1403 1477 1481 1517 ego
1502 1477 1585 1503 non
1607 1463 1730 1504 modo

122 1519 207 1566 11011
240 1526 420 1580 postulo,
456 1527 531 1567 sed
566 1531 726 1576 contra,
761 1527 938 1581 judices,
975 1542 1049 1568 vos
1083 1542 1157 1568 oro
1195 1532 1238 1568 et
1270 1529 1473 1577 obtestor,
1511 1533 1559 1570 ut
1594 1532 1731 1570 totam

123 1605 314 1631 caussam
337 1605 463 1646 quam
493 1592 674 1633 maxime
706 1592 881 1633 intentis
913 1593 1056 1642 oculis,
1080 1597 1126 1633 ut
1149 1592 1281 1642 aiunt,
1311 1593 1513 1634 acerrime
1544 1599 1730 1635 contem-

120 1654 304 1710 plemini.
368 1656 482 1697 Nihil
518 1656 719 1712 religione
755 1662 977 1707 testatum,
1012 1658 1113 1698 nihil
1148 1658 1326 1699 veritate
1359 1658 1593 1708 fundatum,
1628 1660 1730 1700 nihil

121 1720 263 1762 dolore
299 1736 553 1776 expressum,
591 1727 821 1778 contraque
858 1722 998 1763 onmia
1039 1727 1240 1778 corrupta
1280 1723 1461 1774 libidine,
1500 1724 1728 1772 iracundia,

119 1786 274 1835 studio,
297 1787 446 1842 pretio,
471 1788 655 1843 perjurio
678 1788 952 1843 reperientur.

180 1850 294 1893 XII.
329 1852 501 1894 Etenim
530 1854 619 1908 jain
649 1854 842 1895 universa
869 1853 1048 1895 istorum
1077 1853 1247 1909 cognita
1276 1854 1507 1909 cupiditate
1528 1855 1729 1896 accedam

118 1916 173 1956 ad
194 1916 382 1972 singulas
403 1918 593 1972 querelas
626 1918 1025 1974 criminationesque
1050 1919 1321 1960 Graecorum.
1385 1919 1540 1961 Classis
1561 1921 1728 1962 nomine

118 1981 340 2036 pecuniam
380 1982 621 2024 civitatibus
669 1983 920 2038 imperatam
971 1989 1228 2039 que1·untur;
1284 1985 1395 2039 quod
1436 2000 1512 2026 nos
1552 1986 1725 2036 factum,

642 2048 726 2090 Sed
749 2049 783 2090 si
805 2050 886 2091 hoc
908 2050 1064 2091 crimen
1087 2055 1165 2099 est,
1191 2054 1267 2092 aut
1288 2050 1329 2091 in
1352 2065 1400 2092 eo
1424 2056 1489 2093 est
1511 2052 1622 2107 quod
1643 2066 1727 2093 non

411 2150 520 2181 Cicero
539 2151 643 2181 would
668 2152 760 2181 make
782 2162 819 2182 us
844 2152 899 2182 be·
943 2163 1119 2193 necessary,
1138 2153 1153 2183 Ι
1171 2156 1286 2183 cannot
1310 2154 1434 2194 explain
1450 2154 1485 2184 it.
1534 2155 1573 2185 In
1594 2155 1663 2186 Cat.
1680 2156 1724 2186 iii.

1009 2199 1028 2212 “
1040 2196 1188 2226 nascendi
1204 2196 1324 2226 ineerta
1340 2197 1513 2228 conditio.’'

991 2240 1039 2269 ll.
1064 2240 1172 2278 infimo
1190 2240 1274 2279 loco]
1310 2240 1368 2270 See
1386 2241 1445 2270 Pro
1461 2241 1587 2278 Archia,
1606 2253 1631 2272 c.
1649 2244 1724 2273 3.—

163 2151 360 2191 conditione]

117 2194 208 2230 lieve,
236 2204 272 2224 or
298 2194 352 2224 the
374 2194 507 2233 judices,
536 2195 607 2224 that
633 2195 688 2224 the
715 2195 899 2235 dishonesty
947 2197 982 2226 l:

118 2237 154 2266 of
173 2237 228 2268 the
246 2238 408 2268 witnesses
432 2238 524 2267 could
548 2241 605 2267 not
628 2238 730 2276 injure
756 2238 897 2268 Flaccus.

119 2283 139 2297 “
154 2280 217 2311 For
232 2280 322 2310 there
337 2291 389 2311 are
406 2291 501 2320 many
516 2281 624 2320 things
641 2281 677 2311 of
695 2281 771 2311 such
787 2292 805 2310 a
822 2281 898 2311 kind

117 2323 189 2354 that
212 2324 335 2363 though
351 2334 397 2354 we
419 2334 491 2363 may
507 2334 577 2354 care
593 2324 674 2354 little
690 2324 739 2354 for
761 2325 849 2354 them
865 2325 898 2354 111

118 2377 179 2406 any
195 2368 364 2406 particular
385 2377 454 2397 case
477 2367 525 2408 (in
545 2367 675 2397 homine
696 2368 764 2406 ipso
780 2368 818 2397 de
835 2378 898 2407 quo

117 2410 247 2449 agitur),
263 2414 316 2450 yet
331 2411 490 2450 generally
507 2410 554 2451 (in
571 2410 764 2451 conditione)
782 2411 844 2440 and
863 2421 897 2440 as

117 2463 158 2482 au
185 2454 329 2493 example
353 2464 399 2483 we
424 2457 509 2483 must
531 2454 675 2484 consider
698 2454 786 2484 them
806 2457 838 2483 to
858 2454 898 2484 be

118 2495 330 2534 dangerous.''
375 2497 566 2527 ‘Conditio'
599 2497 624 2527 is
655 2497 710 2527 the
739 2497 897 2527 ‘conditio

117 2538 267 2575 vivendi‚'
314 2542 321 2556 ⁴
334 2549 401 2570 sors
440 2540 640 2577 communis‚'
683 2551 716 2570 as
758 2541 897 2570 Faernus

118 2591 199 2620 says.
258 2582 382 2621 Sylvius
412 2587 508 2613 wrote
540 2584 592 2613 ‘in
622 2583 799 2614 imitatione
813 2583 820 2596 ’
850 2584 898 2613 for

118 2624 340 2661 ί0001111101]οβ
369 2626 431 2655 and
455 2626 495 2656 he
523 2636 592 2666 says
617 2627 687 2656 that
714 2627 738 2656 it
759 2627 785 2656 is
810 2637 843 2656 so
864 2628 897 2656 in

117 2676 205 2696 some
235 2667 355 2704 MSS.;
390 2668 449 2698 but
477 2669 584 2699 Baiter
608 2670 683 2699 does
711 2674 767 2700 not
792 2670 897 2699 notice

116 2710 181 2739 this
194 2710 334 2749 reading.
372 2710 495 2750 Sylvius
506 2712 613 2742 thinks
626 2713 696 2742 that
708 2713 763 2742 1110
775 2713 894 2742 follow-

116 2753 171 2791 ing
197 2753 309 2788 words‚
343 2756 402 2783 ‘ne
429 2755 635 2793 periculosam
662 2754 896 2791 iinitationem,'

117 2796 247 2825 confirm
264 2796 313 2825 his
326 2797 513 2835 conjecture.
540 2798 572 2827 If
586 2802 592 2815 ¹
605 2799 785 2828 conditione
798 2798 805 2811 ’
822 2810 895 2829 can-

116 2842 173 2868 not
196 2838 274 2868 have
297 2839 352 2868 the
371 2841 517 2879 meaning
537 2841 607 2871 that
622 2842 648 2871 is
664 2842 738 2872 here
754 2842 846 2881 given
862 2845 895 2872 to

115 2882 151 2918 it,
176 2880 310 2912 because
327 2885 334 2899 ‘
346 2882 471 2913 vivendi
483 2882 490 2896 ’
507 2893 543 2913 or
565 2894 652 2914 some
674 2885 751 2915 such
767 2885 852 2915 word
869 2885 895 2915 is

943 2282 1082 2321 ‘primus
1109 2282 1141 2311 in
1170 2282 1228 2312 hac
1240 2282 1260 2312 :'
1285 2293 1337 2313 see
1364 2283 1424 2313 Pro
1451 2284 1572 2322 Flacco,
1599 2296 1625 2315 c.
1651 2287 1724 2316 l.—

944 2327 951 2341 ‘
964 2325 1038 2354 civis
1054 2335 1072 2354 a
1088 2325 1230 2360 civibus,’
1251 2326 1294 2362 S„
1313 2326 1428 2357 Baiter.

987 2369 1120 2397 intentis
1135 2368 1262 2408 oculta]
1307 2369 1416 2399 ‘With
1442 2370 1550 2410 steady
1575 2371 1669 2411 eyes,’
1696 2372 1722 2402 is

942 2411 1083 2450 opposed
1096 2414 1129 2440 to
1143 2414 1150 2427 ⁴
1159 2412 1389 2442 connivendum
1399 2412 1406 2425 ’
1423 2423 1459 2443 or
1472 2414 1721 2450 ‘conivendun1‚'

942 2464 975 2484 as
992 2454 1098 2483 Baiter
1114 2454 1217 2483 writes
1233 2455 1268 2485 it.
1315 2458 1322 2472 ⁶
1334 2455 1381 2485 Ut
1396 2456 1485 2486 aiunt
1500 2457 1507 2470 '
1530 2457 1632 2487 shows
1651 2458 1722 2488 that

944 2497 1092 2526 ‘intentis
1123 2497 1220 2527 oculis
1234 2496 1241 2508 ⁹
1268 2508 1330 2527 was
1361 2509 1379 2528 a
1409 2499 1544 2529 familiar
1573 2501 1655 2530 form
1688 2501 1725 2530 of

943 2540 1067 2579 speech,
1086 2540 1265 2579 something
1280 2541 1343 2570 like
1357 2551 1376 2570 a
1391 2543 1537 2581 proverb.

991 2584 1037 2612 12.
1067 2583 1184 2613 Classis·
1213 2584 1353 2623 nomine]
1404 2587 1423 2601 ⁴⁶
1438 2585 1509 2615 One
1547 2585 1660 2623 charge
1693 2586 1719 2616 is

942 2626 1012 2656 that
1036 2626 1267 2656 contributions
1283 2637 1362 2656 were
1384 2627 1485 2657 levied
1506 2638 1547 2657 on
1563 2628 1617 2657 the
1633 2629 1720 2658 cities

941 2669 1042 2699 under
1058 2669 1113 2698 the
1129 2669 1207 2698 head
1225 2669 1259 2699 of
1277 2670 1507 2700 contributions
1523 2675 1556 2700 to
1573 2672 1627 2700 the
1644 2681 1717 2711 sup-

941 2716 1013 2752 port
1030 2712 1065 2741 of
1077 2722 1095 2741 a
1111 2712 1220 2742 fleet.”
1266 2713 1343 2742 This
1360 2723 1421 2742 was
1445 2713 1499 2742 1110
1516 2724 1581 2753 way
1598 2713 1633 2742 of
1650 2718 1718 2753 get-

942 2756 1010 2794 ting
1027 2765 1141 2795 money
1157 2756 1237 2785 from
1255 2756 1309 2785 1110
1330 2756 1517 2794 provincials
1535 2760 1567 2785 to
1585 2761 1718 2796 support

939 2809 958 2828 a
974 2799 1058 2835 fleet,
1076 2808 1111 2828 or
1127 2799 1299 2838 nominally
1315 2809 1348 2828 as
1365 2799 1443 2838 ship-
1454 2809 1567 2838 money
1585 2799 1669 2838 (Vol.
1688 2800 1715 2830 Ι.

939 2842 1030 2871 Verr.
1056 2842 1088 2871 ii.
1118 2843 1144 2872 1.
1170 2852 1196 2872 c.
1223 2844 1275 2879 34,
1301 2845 1397 2879 note;
1421 2842 1481 2872 and
1499 2852 1524 2872 c.
1546 2843 1583 2872 14
1599 2842 1634 2872 of
1653 2843 1717 2873 this

939 2884 1089 2925 oration).
