2002 3235
677 180 809 223 OAP.
841 182 1023 221 22—24.
1564 187 1642 227 191

46 298 89 336 et
119 293 238 334 facile
266 297 309 334 et
341 293 520 333 libenter
553 292 828 334 dicerem-si
861 293 1000 348 paullo
1033 292 1161 334 etiam
1196 293 1361 348 longius
1393 309 1518 349 quarn
1552 295 1646 336 finis

46 358 276 414 quotidiani
298 358 423 398 officii
440 357 627 412 postulat
648 357 784 412 pietas
805 362 849 399 et
869 358 1081 399 fraternus
1102 372 1219 398 amor
1238 358 1285 399 L.
1306 359 1531 400 Caecilium
1553 374 1646 413 pro-

45 422 546 478 pulisset—implorarem
579 436 724 462 sensus
751 427 926 471 vestros,
961 422 1082 462 unius
1117 423 1316 477 cujusque
1347 422 1646 477 indulgentiam

47 488 88 528 in
117 502 214 527 suos
250 491 444 535 testarer,
478 491 665 541 peterem
687 487 850 527 veniam
871 492 1011 528 errato
1037 487 1085 527 L.
1109 487 1276 528 Caecilii
1307 501 1358 526 ex
1380 487 1538 528 intimis
1559 503 1647 528 ves-

47 552 126 594 tris
156 551 488 606 cogitationibus
519 556 647 606 atque
679 566 730 592 ex
755 552 1018 592 humanitate
1051 552 1271 593 communi.
1336 551 1425 591 Lex
1451 552 1540 592 dies
1570 552 1649 592 fuit

47 616 265 671 proposita
297 631 477 670 paueos;
511 616 610 656 ferri
641 621 794 671 coepta
830 631 1082 671 numquam3
1118 616 1310 671 deposita
1337 621 1403 657 est
1424 616 1466 656 in
1487 622 1649 658 senatu.

51 680 255 722 Kalendis
286 680 316 720 J
320 680 502 721 anuariis
535 695 660 735 quum
692 681 733 721 in
766 681 1019 735 Capitolium
1050 696 1127 722 nos
1155 685 1350 722 senatum
1383 695 1650 722 convocasse-

47 761 154 795 mus,
191 745 292 785 nihil
325 750 391 786 est
422 750 564 786 actum
602 745 744 799 prius,
791 751 835 787 et
867 746 908 786 id
951 746 1153 786 mandato
1192 745 1330 786 Sullae
1364 746 1414 798 Q.
1451 745 1650 787 Metellus

48 815 217 865 praetor
247 825 290 850 se
312 810 423 864 loqui
456 809 576 859 dixit,
613 810 771 851 Sullam
805 810 918 851 illam
954 810 1215 865 rogationem
1246 811 1296 851 de
1323 825 1367 851 se
1400 810 1508 851 nolle
1539 810 1648 852 ferri.

51 875 117 916 Ex
136 875 203 915 illo
227 880 414 929 tempore
440 874 488 914 L.
507 874 712 915 Caecilius
733 875 866 916 mult-a
884 875 934 916 de
952 889 996 915 re
1018 875 1183 929 publiea
1205 875 1314 930 egit:
1349 875 1538 929 agrariae
1554 875 1648 930 legi,

49 955 155 995 quae
191 944 284 980 tota
317 954 342 980 a
374 954 440 979 me
468 939 721 993 reprehensa
750 944 793 979 et
817 940 984 994 abjecta
1020 945 1096 989 est,
1136 955 1181 981 se
1210 940 1530 981 intercessorem
1562 941 1650 981 fore

49 1005 263 1061 professus
281 1009 371 1045 est:
405 1004 607 1058 improbis
623 1004 916 1059 largitionibus
937 1004 1123 1046 restitit:
1164 1009 1338 1045 senatus
1354 1005 1650 1046 auctoritatem

49 1084 277 1124 numquam
307 1068 549 1123 i1npedivit3
585 1068 646 1109 ita
673 1083 718 1109 se
749 1068 881 1123 gessit
914 1069 954 1109 in
982 1069 1199 1110 tribunatu
1232 1075 1281 1111 ut
1302 1084 1425 1110 onere
1458 1070 1650 1124 deposito

50 1133 269 1174 domestici
285 1133 408 1173 officii
430 1133 530 1173 nihil
551 1137 699 1188 postea
721 1133 799 1173 nisi
822 1134 873 1174 de
893 1134 951 1175 rei
973 1135 1164 1188 publicae
1185 1135 1417 1175 commodis
1439 1135 1651 1189 cogitarit.

53 1198 198 1252 Atque
221 1198 262 1238 in
279 1198 368 1252 ipsa
385 1197 604 1252 rogatione
627 1186 772 1252 ne⁰per
788 1198 870 1238 vim
892 1199 991 1253 quid
1013 1204 1222 1253 ageretur,
1241 1199 1334 1254 quis
1351 1205 1441 1240 turn
1462 1204 1651 1240 nostrum

53 1262 210 1303 Sullam
245 1268 319 1302 aut
351 1262 578 1303 Caecilium
610 1263 859 1304 verebatur?
890 1278 1026 1304 nonne
1062 1265 1195 1304 omnis
1231 1264 1298 1305 ille
1334 1269 1481 1314 terror,
1519 1265 1651 1305 omnis

50 1326 267 1367 seditionis
300 1327 427 1367 timor
459 1332 584 1381 atque
621 1327 758 1381 opinio
792 1342 845 1367 ex
881 1327 1077 1369 Autronii
1112 1328 1381 1384 improbitate
1414 1330 1652 1383 pendebat?

53 1391 160 1445 Ejus
200 1405 336 1440 voces,
381 1392 472 1445 ejus
513 1391 650 1431 minae
685 1392 955 1437 ferebantur;
1000 1393 1090 1446 ejus
1125 1398 1331 1447 aspectus,
1372 1393 1648 1444 concursatio,

52 1456 239 1511 stipatio,
274 1470 423 1510 greges
455 1455 668 1495 hominum
701 1456 958 1509 perditorum
994 1462 1154 1498 metum
1188 1457 1308 1497 nobis
1343 1457 1652 1512 seditionesque

51 1522 299 1562 afferebant.
377 1521 527 1575 Itaque
563 1520 613 1560 P.
651 1520 778 1570 Sulla,
816 1521 895 1562 hoe
931 1521 1286 1576 importunissimo
1323 1537 1449 1577 quum
1484 1522 1652 1563 honoris

51 1592 141 1627 tum
174 1585 301 1626 etiam
344 1585 597 1626 calamitatis
632 1585 744 1625 socio
784 1590 912 1640 atque
953 1587 1116 1636 comite,
1153 1591 1197 1628 et
1229 1588 1433 1627 secundas
1462 1587 1651 1628 fortunas

52 1650 247 1692 amittere
270 1655 443 1691 coactus
473 1655 550 1700 est,
575 1655 619 1691 et
640 1650 681 1690 in
703 1651 888 1692 adversis
919 1651 1007 1692 sine
1029 1652 1110 1692 ullo
1133 1653 1315 1693 remedio
1346 1656 1472 1707 atque
1503 1652 1651 1693 alleva-

52 1720 195 1756 mento
218 1729 474 1770 permanere.

112 1780 299 1820 XXIV.
333 1780 418 1821 Hic
441 1785 486 1820 tu
508 1779 726 1835 epistolam
757 1795 889 1820 meam
914 1795 1037 1835 saepe
1065 1781 1230 1831 recitas,
1254 1796 1376 1836 quam
1408 1796 1485 1836 ego
1506 1781 1558 1822 ad
1577 1781 1651 1821 Cn.

99 1912 150 1940 23.
167 1911 248 1948 finis
264 1910 445 1949 quotidiani
462 1910 574 1949 officii]
625 1913 632 1926 ‘
648 1910 831 1946 Honestas‚'

55 1963 125 1992 says
154 1953 296 1991 Sylvius;
329 1952 388 1982 but
410 1952 480 1982 that
507 1953 532 1982 is
556 1956 612 1982 not
635 1963 653 1982 a
679 1953 834 1982 sufficient

54 1995 267 2034 explanation.
316 1995 367 2024 He
390 2005 498 2024 means
515 1998 522 2012 ⁴
536 1995 660 2024 further
681 1996 757 2025 than
779 1996 834 2025 the

54 2039 151 2068 limits
179 2038 214 2067 of
233 2047 291 2066 our
315 2037 461 2076 ordinary
488 2037 684 2076 obligations
730 2038 834 2067 There

55 2081 82 2110 is
112 2081 167 2109 the
203 2080 384 2119 expression
414 2080 655 2118 ‘quotidianum
685 2081 833 2110 interdic-

55 2127 124 2154 tum
139 2123 145 2136 ’
164 2122 239 2163 (Pro
256 2123 400 2157 Caecina,
418 2132 444 2151 c.
458 2123 510 2155 31,
528 2122 637 2162 note);
657 2123 717 2151 and
737 2127 743 2138 ‘
756 2133 834 2162 quo-

55 2166 175 2196 tidiana
191 2165 340 2195 crimina'
360 2165 465 2205 (Verr.
483 2165 514 2194 ii.
536 2166 562 2195 l.
580 2176 605 2194 c.
627 2164 691 2203 19).
724 2165 834 2195 Cicero

57 2219 127 2248 says
145 2209 208 2248 (Ad
228 2209 288 2238 Div
315 2209 356 2237 ix.
375 2207 429 2246 21)
447 2219 453 2236 ε
481 2211 499 2223 “
512 2208 659 2246 epistolas
676 2208 831 2246 quotidia-

57 2252 106 2281 nis
122 2251 224 2281 verbis
241 2255 347 2280 texere
364 2249 536 2279 solemusff'

91 2294 164 2332 fuit
176 2293 362 2333 proposita]
390 2293 457 2322 Not
479 2291 661 2332 ‘proposita
683 2292 754 2322 est.'
802 2292 833 2322 It

57 2347 119 2367 was
134 2337 223 2375 hung
243 2346 286 2375 up
309 2336 340 2365 in
362 2336 469 2374 public
492 2336 540 2365 for
561 2335 679 2365 several
706 2335 837 2374 days.—

58 2378 253 2419 ‘deposita:'
280 2379 314 2409 Ε.
360 2378 430 2408 The
453 2378 505 2407 old
525 2378 654 2416 reading
677 2388 737 2407 was
763 2381 836 2417 ‘po-

62 2423 142 2459 sita,'
162 2422 263 2451 which
282 2421 367 2451 Beck
390 2422 532 2460 explains
549 2421 641 2450 thus:
668 2424 687 2437 ‘¹
700 2421 738 2450 de
754 2431 790 2450 ea
804 2421 837 2450 in

59 2468 171 2495 senatu
201 2469 305 2494 aetum
337 2463 429 2499 est;’'
458 2464 559 2493 which
590 2464 615 2493 is
645 2464 794 2502 certainly
821 2473 840 2492 a

60 2512 187 2545 strange
218 2507 430 2546 explanation.
493 2507 523 2536 It
557 2517 619 2535 was
655 2505 837 2545 ‘deposita‚’

59 2550 121 2580 laid
146 2550 248 2584 down,
273 2549 412 2588 dropped
428 2561 434 2585 ;
459 2549 581 2578 instead
600 2548 636 2579 of
655 2548 750 2585 being
765 2558 837 2588 pro-

60 2593 157 2633 posed
174 2596 206 2621 to
223 2593 276 2622 the
293 2591 681 2631 Populus.—‘1nandatu,’
702 2592 808 2621 Halm.

104 2635 195 2664 After
212 2634 265 2664 the
281 2635 383 2663 words
401 2635 561 2674 ‘deposita
582 2638 629 2663 est
646 2635 676 2663 in
696 2635 812 2663 Senatu
829 2634 835 2647 ’

62 2678 151 2708 there
182 2677 284 2706 follow
315 2677 347 2706 in
374 2687 467 2716 many
499 2677 632 2706 editions
661 2677 837 2716 ‘populum

64 2721 243 2750 Romanum
276 2718 389 2755 latuit,’
425 2720 456 2749 in
487 2720 588 2749 which
621 2720 709 2749 there
739 2720 764 2749 is
796 2730 836 2749 no

63 2773 163 2793 sense.
212 2762 306 2791 Halm
324 2772 393 2800 says
412 2762 447 2791 of
469 2762 558 2792 these
577 2763 688 2796 words,
707 2765 836 2801 “popu-

64 2807 129 2835 lum
146 2815 172 2833 r.
191 2805 287 2834 latnie
304 2805 374 2833 leet.
391 2805 475 2843 vulg.
492 2808 564 2844 post
579 2805 629 2834 ed.
647 2804 757 2835 Crat.’'

113 2849 147 2882 Q.
164 2847 332 2885 Bletellus]
374 2847 474 2877 Celer.
507 2848 545 2876 In
574 2848 642 2878 Cat.
667 2848 687 2877 i.
713 2858 738 2878 e.
763 2849 838 2878 8.—

67 2891 223 2928 ‘agrariae
240 2889 299 2927 legi
314 2889 332 2918 :’
358 2889 411 2919 the
430 2890 492 2919 Lex
518 2890 554 2919 of
573 2890 696 2926 Rullus,
718 2891 839 2929 against

878 1910 981 1940 which
1012 1911 1121 1941 Cicero
1152 1911 1307 1941 delivered
1337 1911 1385 1941 his
1416 1912 1554 1941 orations
1589 1912 1653 1951 (De

879 1954 963 1991 Lege
985 1954 1126 1992 Agraria,
1143 1954 1215 1983 Vol.
1234 1954 1309 1993 1¹.).
1356 1954 1510 1984 Caecilius
1534 1965 1595 1984 was
1619 1965 1652 1984 so

878 1997 1002 2026 zealous
1025 2006 1064 2025 on
1090 1996 1199 2026 behalf
1211 1997 1245 2025 of
1266 1997 1319 2026 the
1340 2001 1420 2027 state
1436 1998 1506 2027 that
1522 1998 1561 2027 he
1576 2008 1652 2036 neg-

878 2039 979 2068 lected
1009 2039 1057 2068 his
1088 2039 1208 2078 private
1238 2040 1341 2069 affairs
1373 2040 1482 2080 (onere
1509 2041 1652 2079 deposito

879 2082 1042 2111 domestici
1059 2081 1176 2121 officii).

921 2124 1076 2153 secundas
1104 2124 1278 2163 fortunas]
1327 2125 1396 2154 The
1430 2126 1543 2165 plural,
1583 2135 1652 2165 says

881 2166 987 2201 Halm,
1005 2167 1061 2195 has
1077 2167 1151 2195 here
1166 2167 1220 2195 the
1236 2168 1370 2196 unusual
1387 2178 1477 2197 sense
1493 2168 1529 2198 of
1550 2171 1557 2184 ⁴
1570 2169 1652 2207 good

877 2208 1023 2238 fortune)
1072 2209 1123 2237 He
1161 2219 1322 2247 compares
1359 2210 1415 2240 the
1452 2221 1583 2250 passage
1620 2211 1652 2240 in

876 2252 1015 2281 Terence
1032 2250 1175 2291 (Andria,
1193 2252 1212 2281 i.
1234 2253 1260 2281 1.
1278 2252 1332 2292 69)
1348 2265 1354 2282 ε

925 2312 944 2327 “
1059 2313 1127 2339 tum
1145 2320 1208 2339 uno
1225 2320 1278 2340 ore
1294 2321 1402 2341 omnes
1418 2312 1524 2341 omnia

957 2353 1047 2382 Bona
1063 2353 1164 2382 dicere
1180 2357 1211 2382 et
1227 2353 1353 2383 laudare
1368 2354 1509 2384 fortunas
1526 2365 1610 2384 meas

958 2396 1021 2427 Qui
1038 2399 1168 2451 gnatum
1185 2395 1333 2426 haberem
1349 2397 1403 2426 tali
1419 2398 1545 2436 ingenio
1562 2408 1651 2437 prae-

1012 2438 1135 2467 ditum.¹

883 2505 951 2535 The
982 2514 1126 2534 common
1158 2505 1305 2543 meaning
1335 2505 1371 2534 of
1401 2506 1587 2536 ‘fortunae'
1619 2507 1651 2536 iu

883 2548 937 2577 the
964 2548 1064 2586 plural
1093 2547 1225 2576 number
1250 2549 1274 2576 is
1303 2551 1483 2588 ‘property‚
1507 2560 1525 2578 a
1551 2550 1652 2578 man's

882 2591 1022 2620 material
1039 2591 1199 2619 condition
1215 2590 1221 2602 ’
1243 2590 1363 2628 (Divin.
1382 2601 1408 2620 c.
1426 2594 1478 2627 20,
1496 2592 1566 2620 Vol.
1586 2592 1627 2631 Ι.)
1642 2603 1649 2627 3

883 2636 889 2650 ¹
905 2633 987 2662 bona
1004 2632 1226 2672 fortunasque’
1245 2633 1347 2671 (Verr.
1365 2634 1395 2662 ii.
1417 2635 1443 2663 1.
1462 2644 1487 2663 e.
1507 2634 1573 2673 44).

925 2678 976 2706 24.
1002 2675 1148 2713 roc-itm]
1200 2675 1214 2704 1
1238 2685 1374 2714 suppose
1395 2676 1450 2705 the
1471 2679 1652 2714 prosecutor

882 2719 1059 2758 frequently
1077 2718 1149 2747 read
1167 2722 1301 2747 extracts
1319 2718 1397 2747 from
1417 2718 1480 2747 this
1503 2722 1509 2734 ‘
1522 2718 1652 2748 verbosa

882 2765 913 2791 et
944 2762 1068 2799 grandis
1099 2761 1252 2799 epistola,'
1286 2761 1385 2789 which
1418 2760 1526 2790 Cicero
1556 2767 1652 2790 wrote

882 2804 978 2834 about
994 2805 1048 2834 the
1064 2804 1167 2833 affairs
1184 2804 1218 2833 of
1239 2804 1286 2832 his
1308 2803 1488 2842 consulship
1508 2807 1540 2831 to
1558 2803 1650 2833 Pom-

883 2848 981 2886 peius,
1007 2847 1076 2876 who
1101 2857 1162 2875 was
1190 2847 1263 2875 theu
1290 2847 1320 2874 in
1352 2846 1436 2875 Asia.
1486 2846 1651 2884 Pompeius

884 2890 936 2919 did
962 2894 1018 2920 not
1041 2890 1102 2919 like
1125 2890 1180 2918 the
1203 2890 1294 2919 lemi-
1317 2887 1651 2927 (Schol.A1nb1-os.t0
