2063 3242
323 198 408 239 494
787 198 967 240 ORAT.
1002 197 1123 239 PRO
1158 198 1209 239 P.
1243 197 1457 239 SESTIO

324 326 450 366 quam
471 327 530 361 se,
545 311 587 353 id
609 312 721 367 quod
744 327 915 367 perraro
947 312 1115 362 accidit,
1140 327 1191 353 ex
1213 313 1316 353 urbe
1338 312 1452 353 exire
1474 327 1499 352 a
1521 311 1764 353 consulibus
1781 310 1935 366 juberi.

324 377 472 433 Atque
486 377 565 418 illis
582 382 672 419 tum
690 384 782 418 erat
796 378 958 418 reditus
972 378 1012 417 in
1029 393 1127 418 suas
1141 377 1348 427 civitates,
1367 378 1420 418 ad
1435 392 1534 419 suos
1555 378 1684 419 Lares
1697 377 1936 427 familiares,

324 448 368 485 et
397 444 438 484 in
461 443 531 484 illo
563 443 773 484 communi
805 443 1072 483 incommodo
1106 443 1219 483 nulla
1255 443 1296 483 in
1330 458 1583 499 quemquam
1614 443 1784 499 propria
1820 442 1939 497 igno-

323 509 451 550 minia
473 508 720 549 nominatim
747 509 941 550 cadebat.
1006 508 1103 550 Hoc
1127 523 1224 550 vero
1247 509 1347 564 quid
1379 511 1471 550 est?
1502 508 1803 550 exterminabit
1826 508 1938 549 cives

324 575 539 616 Romanos
573 574 711 615 edicto
745 574 891 614 consul
912 589 937 615 a
959 574 1047 615 suis
1080 574 1160 615 diis
1191 575 1441 630 penatibus?
1473 574 1654 629 expellet
1684 589 1736 614 ex
1768 573 1938 628 patria?

324 641 479 695 deliget
516 655 641 695 quem
677 639 817 680 volet?
848 639 1067 680 damnabit
1099 645 1225 695 atque
1257 640 1399 694 ejiciet
1431 640 1708 680 nominatim?
1770 638 1867 688 Hic,
1901 639 1937 679 si

323 721 523 761 umquam
545 720 617 746 vos
635 719 720 752 eos,
745 704 815 759 qui
838 720 948 745 nunc
966 705 1082 753 estis,
1106 705 1147 746 in
1170 720 1215 746 re
1238 704 1403 760 publica
1424 705 1513 745 fore
1535 709 1740 760 putasset,
1764 704 1798 745 si
1822 703 1936 745 deni-

323 786 403 827 que
448 771 673 824 imaginem
710 770 966 825 judiciorum
1007 776 1084 812 aut
1129 770 1398 811 simulacrum
1444 770 1611 826 aliquod
1656 770 1846 810 futurum
1894 769 1938 810 in

324 837 496 878 civitate
530 836 735 891 reliquum
769 836 1029 886 credidisset,
1057 851 1255 891 umquam
1291 850 1420 876 ausus
1448 841 1561 876 esset
1589 839 1782 876 senatum
1812 835 1863 875 de
1892 849 1936 875 re

323 902 491 958 publica
531 902 692 951 tollere,
738 902 928 956 equitum
977 902 1265 943 Romanorum
1319 916 1464 956 preces
1506 900 1737 956 aspernari,
1785 900 1937 942 civium

325 968 503 1022 denique
540 966 725 1008 omnium
753 967 871 1008 novis
899 972 943 1008 et
977 967 1180 1008 inauditis
1211 967 1362 1007 edictis
1385 967 1456 1020 jus
1484 966 1809 1020 libertatemque
1845 980 1938 1020 per-

324 1034 516 1075 vertere?
579 1033 674 1074 Etsi
708 1047 774 1073 me
809 1032 1109 1074 attentissimis
1148 1032 1311 1080 animis,
1348 1046 1511 1072 summa
1543 1046 1639 1072 cum
1674 1030 1937 1086 benignitate

323 1099 492 1148 auditis,
513 1099 690 1153 judices,
726 1105 866 1138 tamen
889 1112 1046 1146 vereor,
1071 1113 1122 1139 ne
1155 1098 1249 1153 quis
1277 1098 1387 1139 forte
1409 1102 1595 1138 vestrum
1626 1097 1813 1145 miretur,
1836 1096 1937 1151 quid

324 1165 427 1205 haec
449 1180 542 1205 mea
567 1164 700 1204 oratio
732 1169 820 1204 tam
847 1163 974 1218 longa
995 1168 1069 1203 aut
1095 1168 1183 1204 tam
1205 1163 1290 1204 alte
1321 1162 1504 1217 repetita
1524 1162 1635 1212 velit,
1659 1168 1734 1203 aut
1756 1162 1856 1217 quid
1884 1162 1938 1203 ad

327 1230 378 1271 P.
404 1230 530 1270 Sestii
560 1244 758 1270 caussam
781 1244 938 1278 eorum,
963 1229 1032 1284 qui
1055 1235 1154 1270 ante
1176 1230 1302 1284 hujus
1327 1229 1594 1270 tribunatum
1615 1243 1704 1269 rem
1726 1227 1938 1283 publicam

324 1300 543 1344 vexarunt,
588 1295 741 1335 delicta
783 1296 1037 1349 pertineant.
1116 1294 1225 1335 Mihi
1262 1300 1405 1335 autem
1447 1294 1526 1335 hoc
1568 1294 1831 1348 propositum
1872 1297 1939 1334 est

325 1362 549 1402 ostendere
583 1360 723 1401 omnia
760 1360 933 1400 consilia
969 1360 1019 1401 P.
1056 1360 1183 1402 Sestii
1217 1366 1485 1415 mentemque
1522 1360 1655 1401 totius
1696 1359 1939 1401 tribunatus

325 1427 432 1468 hanc
459 1426 601 1475 fuisse,
639 1432 687 1467 ut
723 1426 903 1467 afflictae
937 1431 980 1467 et
1013 1426 1205 1481 perditae
1231 1426 1290 1467 rei
1328 1426 1518 1481 publicae
1556 1430 1760 1481 quantum
1797 1431 1940 1480 posset

324 1494 577 1534 mederetur.
640 1492 706 1532 Ac
735 1492 769 1533 si
803 1493 843 1532 in
866 1493 1126 1547 exponendis
1148 1492 1388 1533 vulneribus
1419 1492 1498 1533 illis
1531 1492 1581 1533 de
1612 1506 1679 1532 me
1708 1491 1798 1546 ipso
1820 1491 1939 1546 plura

326 1559 464 1599 dicere
494 1558 677 1607 videbor,
713 1558 998 1613 ignoscitote!
1066 1558 1176 1599 Nam
1207 1564 1251 1600 et
1283 1558 1395 1598 illam
1426 1572 1563 1598 meam
1596 1557 1758 1597 cladem
1794 1571 1868 1598 vos
1896 1561 1940 1597 et

327 1639 472 1666 omnes
509 1624 607 1664 boni
643 1624 873 1664 maximum
911 1639 1002 1664 esse
1040 1625 1098 1665 rei
1134 1624 1325 1679 publicae
1360 1623 1508 1664 vulnus
1536 1622 1772 1677 judicastis,
1808 1627 1852 1664 et
1886 1621 1938 1664 P.

329 1690 494 1731 Sestius
529 1696 595 1730 est
636 1704 731 1729 reus
773 1704 853 1729 non
896 1704 984 1738 suo,
1018 1690 1091 1729 sed
1132 1704 1225 1730 meo
1267 1689 1460 1735 nomine;
1497 1688 1566 1743 qui
1603 1703 1730 1745 quum
1773 1702 1940 1728 omnem

326 1755 408 1796 vim
442 1756 504 1796 sui
537 1755 780 1796 tribunatus
802 1755 842 1795 in
875 1770 968 1795 mea
999 1755 1135 1796 salute
1158 1754 1478 1809 consumpserit,
1503 1768 1675 1794 necesse
1707 1757 1773 1793 est
1801 1768 1940 1794 meam

327 1836 520 1862 caussam
534 1821 752 1876 praeteriti
769 1820 969 1876 temporis
990 1835 1085 1861 cum
1100 1821 1170 1875 huj
1179 1835 1225 1861 us
1241 1820 1451 1874 praesenti
1470 1819 1712 1860 defensione
1733 1833 1824 1860 esse
1841 1833 1939 1860 con--

323 1887 529 1942 junctam.

389 1951 523 1991 XIV.
559 1950 667 1991 Erat
700 1950 829 2005 igitur
860 1951 900 1990 in
933 1951 1047 1991 luctu
1081 1955 1282 1998 senatus;
1328 1949 1553 2005 squalebat
1584 1950 1735 1991 civitas
1771 1949 1939 2005 publico

329 2016 501 2058 consilio
549 2020 666 2056 veste
711 2021 902 2062 mutata3
950 2017 1109 2057 nullum
1151 2025 1243 2057 erat
1299 2016 1450 2058 Italiae
1494 2016 1780 2071 municipium,
1829 2015 1941 2056 nulla

327 2124 383 2154 the
411 2123 477 2153 Lex
503 2123 599 2159 Julia,
629 2132 693 2152 13.c.
720 2124 772 2157 90,
797 2123 901 2153 ‘Socii
927 2126 958 2154 et
983 2123 1110 2154 Latini’

328 2177 391 2197 was
407 2167 461 2196 the
480 2166 560 2195 form
585 2166 621 2196 of
641 2167 824 2206 expression
840 2167 918 2196 used
935 2171 968 2197 to
984 2177 1112 2207 express

328 2211 384 2240 the
402 2210 517 2239 Italian
543 2209 625 2239 Socii
649 2209 711 2239 and
731 2209 785 2239 the
803 2210 919 2240 Latini.
967 2211 999 2240 It
1014 2211 1041 2240 is
1057 2211 1113 2240 the

329 2263 478 2283 common
503 2253 636 2282 formula
655 2252 761 2292 (Verr.
779 2253 810 2283 ii.
828 2255 858 2283 5.
877 2264 903 2284 c.
922 2253 988 2293 24).
1034 2254 1111 2283 Two

329 2297 488 2326 instances
515 2306 567 2325 are
594 2296 744 2326 recorded
772 2297 807 2326 of
829 2307 847 2326 a
872 2297 983 2327 consul
1008 2297 1049 2336 by
1071 2307 1112 2327 an

332 2343 339 2356 ⁴
353 2340 492 2369 edictum
507 2338 514 2351 ’
543 2339 666 2378 driving
690 2340 744 2369 the
762 2340 868 2370 Latini
892 2340 974 2370 from
998 2341 1111 2370 Rome.

331 2383 485 2412 Proculus
501 2382 664 2421 Virginius
687 2383 739 2412 did
764 2383 789 2412 it
806 2384 896 2413 when
920 2383 960 2414 he
984 2383 1045 2413 had
1066 2384 1113 2413 for

331 2426 492 2464 colleague
518 2425 572 2464 Sp.
600 2425 727 2455 Cassius
747 2426 959 2463 Viscelliuus;
984 2427 1046 2456 and
1074 2427 1110 2457 C.

331 2469 472 2499 Fannius
499 2468 565 2497 also
590 2468 722 2498 ordered
747 2469 801 2498 the
827 2470 933 2499 Latini
965 2474 998 2499 to
1026 2470 1113 2500 leave

333 2512 435 2542 Rome
463 2511 568 2540 whom
594 2511 630 2541 C.
660 2512 821 2541 Gracchus
850 2512 911 2542 had
935 2513 1055 2542 invited
1078 2516 1112 2543 to

332 2564 422 2585 come
446 2554 507 2584 and
532 2557 604 2583 vote
620 2554 709 2584 there
726 2554 878 2594 (Appiam,
905 2556 942 2585 B.
961 2555 997 2586 C.
1015 2556 1035 2585 i.
1052 2557 1113 2592 233

333 2597 454 2632 Cicero,
487 2597 618 2631 Brutus,
648 2607 674 2626 c.
706 2599 764 2633 263
800 2598 862 2627 and
889 2598 1049 2635 Plutarch,
1075 2598 1111 2630 C.

333 2641 505 2677 Gracchus,
523 2650 549 2670 c.
571 2639 634 2679 12).

376 2687 433 2714 aut
450 2686 516 2714 tam
533 2683 612 2722 alte]
642 2682 680 2712 A.
700 2683 734 2713 P.
753 2683 792 2713 G.
824 2683 956 2722 Madvig
972 2685 1114 2715 remarks

332 2727 403 2757 that
427 2727 491 2757 this
515 2726 540 2756 is
563 2726 618 2756 the
641 2726 770 2765 reading
786 2726 822 2755 of
842 2726 896 2756 the
917 2726 987 2756 best
1005 2727 1112 2763 Mss,

332 2771 395 2800 and
411 2771 437 2800 it
453 2770 509 2800 has
524 2769 621 2799 taken
638 2769 692 2799 the
708 2769 796 2809 place
817 2769 853 2798 of
873 2773 881 2786 ‘
895 2779 931 2799 ac
946 2773 1011 2799 tam
1028 2769 1114 2800 alte!

335 2814 387 2844 He
417 2823 580 2852 compares
610 2823 637 2843 c.
671 2814 732 2842 46:
773 2815 792 2829 ‘⁶
810 2812 902 2842 Hanc
933 2822 990 2851 ego
1021 2813 1114 2849 viam,

330 2857 463 2896 judices,
491 2857 516 2886 si
540 2859 596 2887 aut
619 2866 762 2895 asperam
786 2859 882 2895 atque
904 2856 1033 2885 arduam
1060 2860 1116 2886 aut

334 2900 462 2939 plenam
493 2909 561 2929 esse
591 2899 802 2939 periculorum
840 2902 896 2928 aut
929 2899 1114 2929 insidiarum

334 2952 458 2983 negem,
475 2943 612 2973 mentiar
622 2942 653 2981 3¹¹
677 2942 740 2973 and
763 2942 804 2974 he
826 2941 975 2973 observes
995 2942 1065 2973 that
1080 2943 1114 2973 in

1158 2124 1303 2162 negative
1326 2126 1490 2154 sentences
1506 2123 1561 2153 the
1578 2123 1690 2153 Latius
1714 2123 1803 2153 often
1826 2123 1940 2162 disjoin

1158 2167 1262 2197 where
1279 2177 1324 2196 we
1340 2166 1478 2205 conjoin,
1504 2166 1565 2197 and
1583 2167 1648 2197 also
1667 2167 1700 2197 in
1716 2167 1940 2206 interrogative

1158 2214 1324 2240 sentences
1341 2210 1442 2240 which
1466 2210 1583 2240 incline
1605 2214 1638 2240 to
1659 2210 1808 2249 negation
1825 2219 1861 2239 or
1876 2210 1939 2249 sig-

1157 2253 1224 2293 nify
1249 2253 1519 2293 disapprobation.
1567 2253 1672 2283 There
1698 2254 1725 2283 is
1749 2253 1885 2292 nothing
1906 2253 1940 2283 in

1158 2296 1222 2327 this
1247 2297 1462 2336 explanation.
1510 2296 1542 2326 It
1562 2296 1703 2336 depends
1719 2306 1762 2326 on
1778 2296 1833 2326 the
1849 2306 1940 2326 sense

1157 2340 1300 2370 whether
1315 2350 1361 2370 we
1377 2350 1433 2370 use
1450 2343 1457 2356 ⁴
1469 2343 1525 2370 aut
1537 2339 1544 2352 '
1561 2350 1597 2369 or
1621 2344 1628 2357 ¹
1640 2339 1699 2375 ac‚'
1724 2340 1786 2369 and
1804 2342 1876 2369 ‘aut
1888 2339 1896 2352 '
1913 2340 1940 2369 is

1158 2384 1213 2413 the
1223 2383 1309 2413 word
1320 2383 1409 2420 here3
1422 2383 1480 2418 for,
1492 2393 1526 2413 as
1537 2382 1668 2422 Madvig
1680 2383 1839 2419 observes,
1853 2385 1873 2399 ¹‘
1882 2392 1941 2413 nec

1158 2427 1258 2456 oratio
1274 2427 1369 2465 longa
1386 2436 1509 2466 semper
1525 2429 1573 2455 est
1588 2426 1651 2456 alte
1666 2425 1837 2466 repetita.''
1878 2426 1941 2456 Ga-

1157 2470 1271 2505 ratoni,
1296 2469 1367 2499 who
1399 2469 1594 2499 maintained
1618 2469 1675 2499 the
1700 2469 1832 2508 reading
1863 2469 1941 2506 ‘ac,’

1158 2513 1235 2542 cites
1260 2513 1320 2542 Pro
1346 2512 1514 2542 Cluentio:
1541 2512 1686 2551 “incipit
1709 2512 1804 2551 longo
1826 2515 1858 2542 et
1877 2512 1941 2542 alte

1158 2556 1259 2594 petito
1286 2556 1427 2594 proemio
1453 2554 1685 2594 respondere3‘’
1720 2555 1784 2585 and
1811 2555 1861 2585 De
1885 2555 1942 2586 Or.

1157 2599 1200 2628 iii.
1219 2600 1275 2634 24;
1301 2598 1359 2627 but
1374 2598 1407 2627 in
1423 2598 1502 2628 both
1519 2598 1609 2628 these
1625 2608 1712 2629 cases
1730 2598 1814 2629 ‘aut’
1835 2598 1942 2629 would

1159 2641 1239 2681 spoil
1255 2641 1310 2671 the
1326 2641 1484 2679 meaning.

1203 2693 1266 2714 non
1289 2693 1356 2720 suo,
1378 2684 1435 2714 sed
1453 2693 1520 2714 meo
1536 2685 1663 2715 nomine
1672 2685 1701 2724 ,·]
1750 2684 1828 2714 This
1844 2684 1870 2714 is
1886 2686 1942 2714 not

1159 2727 1295 2766 literally
1326 2731 1415 2763 true3
1448 2727 1507 2758 but
1537 2728 1745 2767 oratorically.
1803 2728 1855 2757 He
1878 2737 1941 2757 was

1159 2770 1307 2809 formally
1330 2770 1518 2809 prosecuted
1545 2771 1593 2801 for
1619 2771 1668 2801 his
1691 2771 1812 2810 alleged
1836 2770 1941 2810 illegal

1159 2817 1237 2848 acts,
1262 2813 1321 2843 but
1343 2813 1433 2843 these
1456 2817 1523 2844 acts
1545 2824 1627 2844 were
1650 2814 1732 2845 done
1755 2815 1787 2843 in
1812 2814 1860 2844 his
1883 2813 1940 2843 tri-

1160 2855 1317 2895 buneship
1334 2856 1383 2886 for
1401 2857 1455 2886 the
1478 2858 1610 2888 interest
1632 2858 1669 2889 of
1688 2857 1798 2888 Cicero
1820 2857 1884 2887 and
1906 2859 1940 2887 to

1159 2909 1293 2939 procure
1310 2899 1448 2930 Cicero’s
1464 2900 1569 2932 recall.
