2002 3235
782 135 916 177 CAP.
947 139 986 187 8,
1011 139 1050 178 9.
1634 146 1717 188 343

112 246 274 302 assequi
302 261 386 288 non
414 251 598 302 possent,
627 246 867 289 inviderunt
886 248 1000 289 laudi
1030 254 1074 290 et
1100 249 1299 304 dignitati
1327 267 1470 300 meae;
1506 261 1714 308 quartum,

113 312 196 366 qui,
234 326 362 367 quum
401 313 597 353 custodes
629 313 689 353 rei
728 313 920 367 publicae
961 328 1054 354 esse
1091 315 1303 367 deberent,
1348 317 1527 359 salutem
1566 334 1713 371 meam,

111 382 270 419 statum
305 377 501 425 civitatis,
543 378 798 432 dignitatem
838 379 930 433 ejus
960 379 1134 434 imperii,
1159 382 1271 435 quod
1300 387 1393 423 erat
1426 398 1554 437 penes
1588 385 1714 439 ipsos,

110 442 416 489 vendiderunt3
451 442 510 483 sic
543 442 719 483 ulciscar
749 444 935 485 facinora
967 444 1143 499 singula,
1183 447 1534 500 quemadmodum
1569 463 1594 488 a
1627 450 1715 504 qui-

109 508 268 561 busque
299 521 391 547 sum
424 512 703 561 provocatus:
737 508 870 549 malos
898 509 1008 549 cives
1029 524 1117 550 rem
1148 511 1359 564 publicam
1382 512 1487 552 bene
1514 515 1711 567 gerendo,

109 572 290 626 perfidos
309 571 467 612 amicos
489 571 590 612 nihil
612 573 821 613 credendo
843 578 972 628 atque
994 574 1134 615 onmia
1161 577 1359 626 cavendo,
1384 576 1547 617 invidos
1568 578 1716 619 virtuti

109 642 154 678 et
186 637 341 691 gloriae
375 637 606 687 serviendo,
643 643 899 679 mercatores
934 639 1242 693 provinciarum
1276 642 1511 682 revocando
1546 643 1713 683 domum

107 707 235 757 atque
267 703 320 743 ab
354 702 404 742 iis
433 702 741 762 provinciarum
776 703 981 744 rationem
1017 705 1259 759 repetendO.
1324 706 1589 761 Quamquam
1614 707 1714 748 mihi

107 767 257 822 majori
273 782 396 808 curae
410 773 488 818 est,
508 767 859 822 quemadmodum
876 768 1005 818 vobis,
1031 770 1099 824 qui
1115 770 1166 810 de
1187 785 1253 811 me
1270 771 1372 811 estis
1390 771 1547 825 optime
1560 771 1710 821 meriti,

105 832 288 887 gratiam
322 832 513 881 referam,
556 847 681 887 quam
716 833 1067 887 quemadmodum
1103 834 1364 875 inimicorum
1405 836 1580 890 injurias
1621 852 1712 877 cru-

106 896 405 951 delitatemque
427 911 667 951 persequar.
732 897 905 938 Etenim
925 897 1191 939 ulciscendae
1213 899 1389 953 injuriae
1411 901 1572 942 facilior
1603 902 1712 943 ratio

105 966 171 1002 est
203 976 328 1016 quam
360 961 550 1001 beneficii
581 961 887 1011 remunerandi,
924 967 1149 1017 propterea
1182 964 1292 1018 quod
1328 965 1586 1020 superiorem
1621 980 1712 1007 esse

105 1033 254 1069 contra
292 1027 504 1081 improbos
544 1027 681 1067 minus
717 1032 783 1068 est
818 1027 976 1082 negotii
1014 1042 1138 1082 quam
1178 1029 1299 1069 bonis
1335 1031 1587 1085 exaequari3
1622 1035 1712 1072 tum

103 1093 231 1134 etiam
255 1107 307 1132 ne
343 1098 432 1133 tam
467 1092 748 1133 necessarium
785 1093 951 1147 quidem
980 1099 1045 1133 est
1070 1093 1177 1135 male
1202 1094 1365 1136 meritis
1397 1110 1522 1150 quam
1553 1097 1711 1151 optime

107 1157 307 1213 [meritis]
333 1157 486 1198 referre
507 1157 619 1212 quod
641 1157 807 1198 debeas.
871 1156 1025 1197 Odium
1047 1158 1111 1198 vel
1132 1158 1327 1212 precibus
1344 1159 1527 1214 mitigari
1549 1167 1706 1215 potest,

101 1224 166 1264 vel
196 1222 455 1277 temporibus
476 1222 535 1262 rei
563 1221 754 1276 publicae
786 1222 1077 1276 communique
1111 1223 1297 1264 utilitate
1327 1225 1492 1279 deponi,
1517 1225 1580 1266 vel
1606 1225 1708 1265 diffi-

103 1288 261 1329 cultate
289 1287 516 1328 ulciscendi
553 1287 700 1334 teneri,
724 1287 788 1327 vel
820 1291 1031 1327 vetustate
1062 1288 1224 1329 sedari:
1259 1289 1365 1329 bene
1401 1289 1575 1329 meritos
1608 1289 1708 1343 quin

103 1353 215 1394 colas
237 1367 313 1393 nec
344 1351 509 1392 exorari
530 1352 594 1392 fas
627 1356 693 1391 est
724 1366 859 1405 neque
888 1351 930 1391 id
964 1352 1023 1391 rei
1044 1352 1237 1406 publicae
1262 1358 1452 1407 repetere
1479 1359 1706 1408 utcumque

101 1432 272 1458 necesse
303 1422 393 1463 est;
428 1431 562 1471 neque
595 1421 660 1456 est
696 1416 911 1456 excusatio
949 1416 1225 1467 difficultatis,
1255 1432 1391 1472 neque
1423 1432 1604 1472 aequum
1640 1423 1706 1460 est

100 1485 291 1536 tempore
328 1486 371 1522 et
409 1481 474 1521 die
515 1480 760 1521 memoriam
796 1480 988 1521 beneficii
1031 1481 1216 1522 definire.
1291 1482 1514 1539 Postremo
1557 1483 1627 1538 qui
1662 1484 1705 1523 in

99 1546 341 1587 ulciscendo
378 1545 592 1586 remissior
622 1545 714 1595 fuit,
753 1545 793 1585 in
831 1560 972 1585 eorum
1008 1552 1154 1600 aperte
1187 1546 1347 1587 utitur:
1380 1552 1426 1588 at
1460 1548 1704 1602 gravissime

99 1611 372 1665 vituperatur,
400 1611 469 1665 qui
494 1610 534 1650 in
561 1610 695 1651 tantis
724 1610 950 1659 beneficiis,
978 1616 1140 1665 'quanta
1173 1626 1245 1652 vos
1273 1612 1314 1652 in
1349 1627 1415 1652 me
1449 1613 1700 1664 contulistis,

98 1675 412 1716 remunerandis
435 1680 500 1716 est
532 1675 704 1725 tardior,
729 1689 863 1729 neque
892 1675 1025 1715 solum
1052 1675 1253 1729 ingratus,
1280 1677 1391 1730 quod
1416 1677 1550 1731 ipsum
1577 1691 1703 1732 grave

99 1745 176 1791 est,
207 1755 350 1781 verum
382 1740 509 1782 etiam
537 1739 690 1795 impius
720 1739 953 1794 appelletur
986 1754 1157 1780 necesse
1179 1745 1258 1781 est.
1320 1741 1465 1796 Atque
1493 1741 1535 1781 in
1566 1742 1700 1783 officio

140 1870 335 1897 mercatores
358 1867 619 1906 provinciarum]
680 1866 789 1897 Cicero
821 1867 874 1896 de·
922 1866 959 1896 E.
977 1866 1018 1896 V.
1035 1867 1212 1906 me07·um);
1237 1867 1350 1907 reliqui
1367 1867 1508 1907 plerique
1536 1868 1625 1908 (item
1644 1868 1700 1908 O.)

1531 1911 1581 1940 He
1597 1912 1701 1941 writes

97 1911 214 1940 livered
239 1920 257 1939 a
286 1911 344 1939 few
375 1910 504 1939 months
531 1910 610 1939 after
636 1920 654 1939 a
681 1910 794 1949 speech
826 1910 876 1939 De

99 1953 269 1983 Provinciis
287 1953 523 1988 Consularibus,
540 1953 641 1981 which
657 1953 683 1982 is
700 1956 818 1982 extant.

141 1996 271 2025 Etenim
288 1996 502 2034 ulciscendae]
551 1995 603 2024 All
619 1995 689 2024 that
706 1995 825 2024 follows
841 1999 875 2024 to

97 2038 152 2067 the
174 2037 235 2067 end
261 2037 296 2066 of
315 2037 370 2066 the
390 2038 519 2076 chapter
543 2038 568 2066 is
593 2038 647 2067 the
670 2038 789 2076 trifling
812 2038 877 2067 ofa

97 2081 204 2119 wordy
220 2080 419 2109 rhetorician.
465 2080 568 2108 There
584 2090 636 2108 are
646 2090 664 2109 a
680 2080 737 2109 few
751 2085 876 2118 strange

98 2123 295 2162 expressions
310 2123 376 2151 also
391 2134 398 2158 ;
420 2122 468 2151 for
484 2122 635 2157 instance,
662 2126 669 2138 ‘
682 2123 876 2160 superiorem

97 2176 166 2196 esse
181 2170 289 2195 contra
301 2164 539 2204 improbos.'—‘
551 2165 671 2203 optime
687 2164 838 2203 [meritis]
854 2163 874 2193 :’

97 2209 153 2238 the
176 2208 291 2238 second
316 2207 475 2237 ‘meritis’
499 2207 525 2236 is
549 2207 681 2236 omitted
704 2208 737 2236 in
757 2207 875 2236 several

97 2251 194 2281 MSS.

141 2295 217 2323 bene
242 2294 374 2323 meritos
399 2293 474 2331 quin
503 2293 604 2329 colas]
654 2291 750 2320 Halm
770 2291 874 2320 writes

98 2339 105 2353 ‘
119 2346 160 2366 ne
176 2336 256 2365 bene
273 2336 400 2365 meritos
417 2334 523 2371 colas,'
548 2334 597 2364 for
612 2334 713 2363 which
730 2335 769 2363 he
788 2334 874 2370 gives

96 2389 139 2409 no
177 2379 337 2417 authority
368 2382 478 2417 except
515 2377 569 2406 the
606 2377 735 2415 reading
775 2380 782 2393 ‘
796 2377 875 2405 bene

97 2422 224 2451 meritos
245 2432 284 2450 ne
307 2422 390 2450 colas
404 2420 411 2433 '
429 2420 463 2450 of
484 2420 559 2458 Lag.
586 2420 752 2449 25.—The
773 2419 874 2448 words

98 2467 105 2480 ¹
120 2474 221 2503 neque
237 2464 268 2493 id
284 2464 328 2493 rei
352 2463 496 2503 publicae
519 2462 680 2501 repetere'
699 2462 777 2491 have
794 2461 874 2491 been

96 2507 289 2536 understood
309 2507 341 2535 in
366 2507 490 2535 various
516 2515 610 2544 ways.
659 2505 796 2543 Perhaps
820 2505 874 2533 the

97 2549 201 2578 writer
228 2559 335 2578 means
358 2553 390 2578 to
418 2559 472 2587 say
499 2549 569 2578 that
593 2548 624 2577 in
653 2558 694 2576 no
721 2558 791 2576 case
816 2557 873 2576 can

97 2592 151 2620 the
169 2591 231 2620 Res
250 2591 377 2620 Publica
392 2592 514 2630 require
531 2601 567 2620 us
584 2595 641 2620 not
660 2595 693 2619 to
715 2590 799 2619 show
817 2600 874 2619 our

97 2634 254 2671 gratitude
285 2638 317 2662 to
349 2634 439 2663 those
469 2634 538 2662 who
570 2634 647 2662 have
687 2633 795 2662 sei-ved
826 2643 873 2661 us.

100 2676 194 2706 Halm
232 2676 334 2705 writes
367 2678 489 2714 ‘neque
516 2676 547 2705 id
577 2677 621 2705 rei
651 2676 796 2714 publicae
826 2685 875 2704 re-

97 2717 244 2753 mittere‚’
273 2718 327 2747 the
352 2719 530 2756 conjecture
551 2719 585 2747 of
604 2719 766 2748 Garatoni.
813 2718 875 2747 For

99 2764 106 2777 ⁴
121 2764 292 2799 utcumque
306 2760 313 2773 '
334 2760 428 2789 Halm
446 2761 502 2790 has
520 2765 526 2776 ⁴
541 2760 675 2800 utique.'

142 2805 174 2832 in
191 2813 299 2832 eorum
316 2805 426 2841 aperte
451 2805 557 2833 utitur
569 2804 595 2843 :]
645 2804 699 2832 ¹P.
721 2803 760 2833 G.
778 2803 816 2832 E.
833 2803 873 2832 V.

99 2846 176 2885 Lag.
209 2847 260 2875 21.
293 2848 334 2875 25
374 2845 443 2885 (sed
483 2846 518 2875 P.
550 2856 596 2885 pr.
629 2856 672 2876 m.
718 2849 872 2885 apperte:

921 1920 996 1939 moa:
1013 1913 1124 1948 aperle
1148 1911 1322 1940 laudatnr’
1341 1911 1482 1949 (Halm).

922 1953 972 1982 ‘in
1015 1963 1052 1982 eo
1098 1963 1154 1982 suo
1187 1953 1258 1991 jure
1300 1958 1409 1992 aperte
1446 1953 1568 1988 utitur,’
1599 1955 1701 1983 which

920 1995 946 2024 is
959 1995 1170 2024 Mommsen’s
1186 1996 1377 2034 conjecture.
1423 1996 1492 2025 The
1508 2000 1575 2025 text
1590 1997 1616 2025 is
1633 2007 1700 2026 cor-

921 2041 1006 2076 rupt,
1023 2038 1085 2067 and
1105 2038 1160 2067 the
1179 2048 1269 2067 sense
1287 2039 1313 2068 is
1340 2049 1373 2068 as
1400 2038 1461 2068 bad
1485 2049 1518 2068 as
1543 2039 1597 2068 the
1621 2043 1699 2069 text.

923 2080 1018 2112 “Qui
1046 2090 1146 2119 usque
1171 2081 1209 2109 ad
1236 2081 1312 2110 haec
1338 2082 1407 2110 loca
1430 2082 1463 2110 in
1490 2082 1548 2111 hac
1575 2092 1701 2121 quoque

921 2123 1062 2151 oratione
1087 2123 1165 2151 nihil
1192 2123 1269 2152 vidit
1296 2124 1356 2152 nisi
1382 2128 1502 2153 rectum
1527 2129 1559 2154 et
1575 2135 1698 2160 sanum,

920 2165 989 2203 ejus
1013 2165 1210 2194 stomachum
1238 2166 1332 2194 etiam
1358 2165 1414 2194 has
1436 2170 1592 2196 extremas
1617 2168 1700 2197 feces

919 2207 1057 2245 perferre
1072 2208 1202 2246 patique
1218 2217 1282 2237 non
1298 2207 1409 2237 dubito
1421 2207 1440 2219 ’⁷
1459 2208 1589 2247 (Wolf).

961 2250 1070 2287 Atque
1097 2250 1129 2278 in
1154 2251 1256 2288 officio
1284 2272 1291 2278 .
1310 2272 1317 2279 .
1341 2272 1347 2279 .
1375 2251 1547 2290 dissolvit]
1599 2251 1697 2281 Halm

918 2291 1051 2320 incloses
1082 2292 1123 2320 au
1153 2292 1216 2321 this
1246 2292 1278 2321 in
1314 2292 1327 2331 [
1361 2293 1388 2332 ].
1446 2294 1534 2323 Wolf
1560 2294 1616 2324 has
1640 2294 1697 2324 ob-

919 2334 1027 2363 served
1050 2333 1119 2363 that
1142 2334 1205 2363 this
1226 2335 1252 2363 is
1274 2335 1370 2364 taken
1395 2335 1473 2365 from
1499 2336 1555 2366 the
1575 2337 1697 2366 oration

921 2376 982 2405 Pro
1004 2376 1140 2410 Plancio,
1165 2387 1191 2406 c.
1216 2378 1268 2411 28,
1292 2378 1368 2406 with
1385 2388 1402 2407 a
1419 2378 1476 2407 few
1500 2379 1694 2409 alterations.

921 2419 951 2448 It
974 2428 1106 2457 appears
1123 2419 1188 2448 also
1204 2420 1237 2448 in
1253 2420 1308 2449 the
1326 2420 1374 2449 De
1391 2420 1520 2456 Officiis,
1538 2422 1568 2451 ii.
1588 2433 1613 2451 c.
1631 2424 1672 2452 20
1687 2434 1694 2451 z

921 2464 939 2477 “
955 2461 1130 2491 Commode
1152 2465 1258 2491 autem
1276 2463 1455 2501 quicunque
1472 2463 1571 2493 dixit:
1599 2465 1695 2494 Pecu-

919 2504 1001 2532 niam
1019 2504 1072 2542 qui
1090 2504 1212 2539 habeat,
1225 2514 1288 2533 non
1303 2505 1508 2540 reddiclisse‚''
1526 2508 1580 2536 &c
1627 2507 1697 2536 The

918 2546 1019 2575 words
1041 2547 1072 2575 in
1100 2546 1154 2575 the
1181 2551 1248 2575 text
1272 2558 1323 2576 are
1349 2548 1482 2577 omitted
1500 2550 1532 2578 in
1554 2559 1640 2578 some
1663 2549 1700 2578 of

918 2589 973 2618 the
989 2599 1087 2617 worse
1104 2589 1199 2617 MSS.
1246 2589 1336 2618 Wolf
1356 2590 1502 2619 observes
1518 2592 1586 2620 that
1607 2591 1696 2620 there

919 2632 944 2661 is
961 2642 979 2661 a
995 2632 1071 2661 false
1094 2632 1306 2660 construction
1332 2632 1415 2666 here,
1440 2633 1488 2662 for
1512 2634 1564 2662 ‘in
1593 2634 1695 2662 officio

920 2674 1127 2714 persolvendo
1142 2673 1148 2685 ¹
1175 2674 1286 2702 should
1312 2674 1350 2703 be
1371 2675 1481 2704 ‘officii
1497 2675 1694 2714 persolvendi

922 2740 929 2747 .
947 2740 954 2746 .
974 2739 980 2746 .
1007 2720 1037 2746 et
1058 2716 1230 2755 pecuniae.'
1277 2716 1334 2745 See
1360 2716 1490 2751 Gellius,
1518 2718 1538 2746 i.
1567 2719 1597 2752 4,
1625 2718 1694 2747 who

919 2762 1031 2799 quotes
1048 2760 1101 2788 the
1121 2768 1250 2797 passage
1277 2758 1356 2787 from
1382 2759 1436 2787 the
1463 2759 1521 2788 Pro
1547 2760 1692 2789 Plancio:

920 2805 940 2819 ‘⁶
956 2802 1157 2841 Quamquam
1174 2801 1331 2831 dissimilis
1347 2806 1395 2830 est
1411 2802 1561 2840 pecuniae
1577 2802 1695 2832 debitio

920 2848 952 2875 et
967 2844 1121 2884 gratiae.’'
