2002 3235
706 160 840 202 GAP.
872 162 1051 205 15—17.
1590 166 1671 206 2553

75 271 214 312 buisse
236 272 442 323 dicantur,
470 273 613 315 Laelio
641 274 867 329 praesenti,
900 289 976 329 per
996 288 1041 315 se
1062 275 1217 330 agenti,
1242 275 1280 316 vi
1301 275 1417 330 legis,
1438 277 1532 331 jure
1553 292 1672 319 accu-

75 337 262 387 sationis,
286 339 433 394 opibus
460 344 680 394 praeterea
712 340 798 380 suis
829 340 1006 381 terrenti
1039 355 1088 382 ac
1122 341 1310 391 minanti,
1339 342 1439 383 nihil
1473 345 1674 398 temporis

76 415 224 443 caussa
258 405 478 459 scripsisse
510 409 585 445 aut
625 405 869 460 obsignasse
905 406 1139 448 videantur.
1217 407 1351 448 XVI.
1389 408 1597 463 Equidem
1634 409 1674 449 in

74 467 255 508 minimis
276 470 398 510 rebus
419 484 542 525 saepe
564 485 630 511 res
656 485 830 525 magnas
851 471 949 520 vidi,
979 472 1154 526 judices,
1180 473 1433 528 deprehendi
1456 489 1505 514 ac
1527 474 1673 523 teneri,

76 537 124 573 ut
144 533 185 573 in
207 533 285 575 hoc
308 534 571 590 Asclepiade.
635 535 755 577 Haec
777 551 882 592 quae
914 542 979 578 est
1000 551 1025 577 a
1046 537 1167 578 nobis
1195 538 1361 593 prolata
1388 538 1574 579 laudatio
1604 541 1674 580 ob-

77 598 244 653 signata
266 605 358 640 erat
379 605 496 642 creta
526 600 595 641 illa
616 601 820 651 Asiatica,
842 617 948 657 quae
976 603 1061 642 fere
1095 607 1161 644 est
1194 603 1386 644 omnibus
1417 608 1519 644 nota
1540 605 1672 654 nobis,

77 678 158 718 qua
193 669 371 707 utuntur
401 680 545 707 omnes
572 681 654 706 non
691 667 815 708 modo
848 667 890 708 in
926 667 1116 722 publicis,
1160 669 1233 708 sed
1266 668 1393 710 etiam
1429 668 1471 708 in
1502 669 1676 725 privatis

76 729 240 779 litteris,
269 745 372 785 quas
401 731 585 786 quotidie
606 732 793 773 videmus
821 732 934 774 mitti
967 747 993 772 a
1024 733 1256 787 publicanis
1283 747 1408 789 saepe
1436 734 1506 774 uni
1529 734 1676 789 cuique

77 799 282 836 nostrum.
316 796 462 851 Neque
483 796 593 837 enim
615 797 739 838 testis
761 797 849 852 ipse
870 797 989 852 signo
1011 798 1201 853 inspecto
1222 799 1373 839 falsum
1394 814 1470 840 nos
1491 800 1677 854 proferre

77 859 195 909 dixit,
220 861 292 900 sed
314 860 528 902 levitatem
558 861 692 903 totius
714 862 845 903 Asiae
879 863 1067 916 protulit,
1092 864 1142 904 de
1170 878 1251 919 qua
1272 879 1349 905 nos
1370 869 1412 905 et
1433 864 1613 906 libenter
1634 870 1678 907 et

76 923 198 965 facile
239 926 520 967 concedimus.
598 927 758 968 Nostra
794 927 924 982 igitur
964 928 1163 979 laudatio,
1206 944 1330 984 quam
1372 929 1439 970 ille
1476 930 1678 985 temporis

78 1005 226 1031 caussa
265 992 385 1032 nobis
426 993 570 1033 datam
611 992 726 1041 dicit,
765 993 910 1034 datam
945 993 1113 1048 quidem
1146 995 1386 1042 confitetur,
1430 995 1678 1050 consignata

78 1060 196 1097 creta
217 1061 308 1097 est:
343 1056 386 1096 in
406 1056 475 1098 illo
496 1062 637 1098 autem
658 1058 912 1108 testimonio,
938 1059 1048 1113 quod
1076 1060 1314 1102 accusatori
1339 1061 1495 1103 dicitur
1520 1062 1675 1112 datum,

78 1135 217 1161 ceram
239 1136 330 1163 esse
347 1122 537 1163 vidimus.
571 1123 656 1164 Hic
678 1138 768 1178 eg0,
787 1123 964 1178 judices,
987 1124 1022 1165 si
1040 1140 1112 1166 vos
1132 1126 1458 1167 Acmonensium
1482 1128 1675 1177 decretiS,

77 1187 111 1227 si
147 1193 383 1229 ceterorum
418 1188 636 1243 Phrygum
676 1188 827 1230 litteris
858 1191 1089 1244 permoveri
1120 1196 1325 1246 putarem,
1358 1192 1606 1234 vociferarer
1636 1197 1679 1233 et

78 1258 280 1307 quantum
310 1254 490 1294 maxime
521 1269 687 1309 possem
716 1255 1037 1297 contenderem:
1072 1260 1256 1297 testarer
1288 1257 1543 1311 publicanos,
1569 1258 1679 1298 exci-

78 1322 214 1359 tarem
235 1319 533 1372 negotiatores,
558 1324 739 1360 vestram
760 1319 887 1360 etiam
918 1320 1139 1361 scientiam
1170 1321 1458 1376 implorarem:
1493 1337 1588 1363 cera
1610 1323 1678 1364 de-

78 1384 284 1438 prehensa
320 1384 571 1424 confiderem
605 1384 737 1424 totius
768 1384 998 1425 testimonii
1030 1385 1174 1426 fictam
1206 1386 1424 1427 audaciam
1455 1388 1678 1429 manifesto

79 1449 423 1503 comprehensam
450 1454 578 1504 atque
607 1463 846 1504 oppressam
878 1450 1025 1491 teneri.
1090 1450 1212 1492 Nunc
1233 1466 1330 1492 vero
1360 1467 1441 1492 non
1467 1453 1678 1494 insultabo

78 1514 376 1564 vehementius,
401 1529 477 1555 nec
499 1515 682 1556 volitabo
714 1514 755 1554 in
786 1514 864 1555 hoc
895 1515 1151 1569 insolentius,
1176 1531 1309 1572 neque
1339 1517 1379 1557 in
1401 1518 1528 1558 istum
1550 1533 1680 1573 nuga-

78 1585 226 1629 torem,
250 1584 468 1634 tamquam
498 1579 539 1620 in
569 1579 749 1634 aliquem
780 1584 947 1630 testem,
972 1580 1153 1629 invehar,
1186 1596 1320 1636 neque
1346 1582 1387 1622 in
1409 1587 1502 1625 toto
1525 1582 1680 1624 Acmo-

78 1644 267 1685 nensium
288 1645 545 1694 testimonio,
568 1644 654 1685 sive
676 1644 743 1684 hic
766 1645 993 1686 confictum
1016 1650 1094 1694 est,
1118 1651 1166 1687 ut
1187 1652 1375 1701 apparet,
1399 1648 1485 1688 sive
1507 1648 1676 1689 missum

79 1710 201 1751 domo
224 1714 300 1759 est,
323 1715 371 1751 ut
392 1710 556 1760 dicitur,
581 1710 887 1750 commovebor.
927 1710 1099 1751 Etenim
1121 1711 1271 1765 quibus
1293 1727 1371 1766 ego
1394 1713 1679 1755 laudationem

79 1775 203 1817 istam
235 1776 461 1826 remittam,
495 1775 691 1830 quoniam
722 1779 834 1823 sunt,
858 1780 906 1817 ut
935 1775 1211 1831 Asclepiades
1242 1777 1356 1829 dicit,
1387 1778 1700 1828 leveS,horu1n'

79 1841 368 1882 testimonium
389 1856 472 1882 non
494 1841 803 1896 pertimescam.

140 1905 301 1947 XVII.
336 1906 473 1947 Venio
504 1921 614 1946 nunc
645 1906 698 1946 ad
733 1904 1028 1958 Dorylensium
1061 1906 1362 1957 testimonium,
1386 1908 1455 1964 qui
1489 1909 1682 1964 producti

81 1971 246 2012 tabulas
274 1986 317 2012 se
343 1972 530 2026 publicas
558 1972 610 2012 ad
643 1971 862 2026 speluncas
893 1972 1126 2026 perdidisse
1160 1973 1369 2015 dixerunt.
1432 1975 1467 2015 Ο
1490 1981 1682 2029 pastores

81 2035 222 2076 nescio
244 2051 348 2091 quos
370 2037 543 2092 cupidos
574 2037 823 2084 litterarum,
846 2036 1049 2090 siquidem
1081 2037 1182 2078 nihil
1203 2038 1295 2080 istis
1316 2044 1486 2094 praeter
1517 2040 1682 2081 litteras

81 2101 358 2143 abstulerunt.
401 2102 484 2142 Sed
505 2101 616 2142 aliud
638 2116 729 2141 esse
751 2115 922 2141 caussae
944 2102 1216 2157 suspicamur,
1240 2118 1292 2144 ne
1313 2104 1421 2146 forte
1443 2105 1513 2146 isti
1535 2120 1681 2160 parum

82 2166 240 2207 versuti
277 2181 367 2207 esse
404 2166 637 2208 videantur.
714 2165 858 2206 Poena
899 2169 978 2214 est,
1020 2170 1069 2207 ut
1109 2167 1268 2221 opinor,
1308 2168 1479 2224 Dorylai
1514 2170 1682 2225 gravior

83 2246 209 2287 quam
240 2233 351 2288 apud
387 2232 490 2273 alios
525 2232 722 2273 falsarum
754 2236 798 2272 et
839 2235 1134 2286 corruptarum
1173 2232 1422 2293 litterarum,
1485 2235 1529 2277 Si
1562 2251 1682 2277 veras

83 2377 148 2407 nial
178 2377 210 2407 in
237 2377 347 2407 favour
374 2377 409 2407 of
433 2377 562 2408 Flaccus
587 2378 619 2407 in
644 2378 692 2407 his
714 2377 860 2412 absence,
906 2377 1006 2407 λαιον
1032 2377 1065 2407 in
1091 2377 1225 2414 Strab03
1249 2379 1309 2408 and
1334 2379 1389 2409 the
1414 2380 1520 2410 ethnic
1541 2391 1633 2410 name
1654 2381 1680 2410 is

84 2420 146 2450 and
163 2424 247 2450 must
264 2421 302 2450 be
319 2420 502 2450 considered
518 2431 552 2450 as
568 2421 683 2459 having
704 2421 794 2459 given
820 2431 860 2450 no
907 2420 1107 2457 Δορυλαεὺς.
1155 2421 1186 2450 It
1202 2431 1262 2450 was
1279 2432 1297 2451 a
1311 2425 1395 2451 town
1415 2423 1451 2452 of
1464 2423 1600 2463 Phrygia
1615 2425 1646 2453 in
1663 2434 1681 2453 a

84 2464 255 2503 testimony
270 2467 303 2493 to
320 2464 394 2503 help
411 2464 466 2493 the
483 2468 668 2503 prosecutor
684 2464 804 2503 though
822 2464 861 2493 he
906 2463 990 2501 large
1008 2464 1091 2503 plain
1116 2464 1177 2493 and
1194 2464 1225 2493 in
1242 2474 1260 2493 a
1276 2465 1514 2505 sheep-feeding
1535 2470 1679 2506 country.

86 2506 261 2536 demanded
277 2507 302 2536 it
317 2507 393 2536 with
410 2507 539 2537 threats.
908 2507 938 2535 It
965 2508 990 2536 is
1018 2507 1218 2545 represented
1246 2507 1286 2546 by
1311 2507 1365 2537 the
1389 2509 1518 2538 modern
1542 2513 1626 2538 town
1650 2510 1686 2539 of

132 2550 182 2579 16.
207 2552 294 2578 creta
325 2550 398 2589 illa]
449 2550 543 2579 Some
573 2550 648 2579 kind
679 2550 715 2580 of
749 2550 861 2589 plastic
907 2547 1096 2579 Eski-shehir
1112 2549 1213 2578 which
1237 2550 1322 2588 joins
1347 2550 1402 2580 the
1419 2552 1538 2581 Pursek
1565 2562 1600 2581 or
1624 2562 1680 2581 an-

86 2591 186 2627 earth,
214 2592 370 2631 supposed
394 2597 426 2621 to
450 2593 489 2623 be
511 2594 566 2623 the
590 2604 675 2623 same
695 2593 799 2623 astho
816 2595 859 2633 γῆ
907 2594 990 2622 cient
1014 2592 1201 2631 Thymbres.
1247 2593 1316 2622 The
1339 2603 1410 2622 men
1436 2595 1498 2623 said
1525 2594 1599 2633 they
1621 2594 1681 2624 had

88 2636 272 2671 σημαντρὶς
303 2635 485 2665 mentioned
520 2636 562 2675 by
595 2636 775 2666 Herodotus
815 2636 860 2675 (ii.
907 2636 968 2666 lost
992 2636 1046 2665 the
1063 2636 1202 2673 writings
1225 2641 1296 2665 sent
1318 2635 1358 2674 by
1375 2637 1457 2666 their
1473 2637 1679 2676 community,

87 2677 155 2715 38).
202 2677 231 2706 A
257 2677 390 2707 Cimolia
420 2682 504 2708 creta
530 2680 556 2708 is
583 2680 648 2709 also
669 2679 860 2714 mentioned,
907 2679 967 2708 and
992 2680 1053 2709 lost
1076 2679 1161 2708 them
1181 2683 1187 2694 ¹
1202 2678 1238 2707 ad
1257 2679 1443 2717 speluncas.’
1491 2680 1504 2708 1
1530 2690 1585 2709 ean
1608 2680 1681 2720 only

87 2719 188 2749 which
208 2730 270 2749 was
294 2720 369 2749 used
392 2720 433 2759 by
456 2721 573 2751 fullers.
618 2722 687 2752 The
705 2722 810 2752 ‘cera'
827 2732 863 2751 or
907 2732 998 2759 guess
1016 2722 1099 2751 what
1123 2722 1231 2751 Cicero
1256 2732 1373 2755 means,
1397 2722 1458 2751 and
1481 2722 1588 2752 others
1609 2732 1681 2761 may

89 2762 213 2792 Roman
229 2772 295 2792 wax
313 2773 353 2793 on
369 2763 423 2792 the
439 2764 530 2794 other
552 2768 559 2782 ‘
573 2765 725 2795 laudatio'
744 2776 805 2794 was
821 2775 860 2794 an
905 2765 945 2794 do
972 2765 1026 2794 the
1051 2775 1146 2794 same.
1192 2765 1261 2794 The
1284 2765 1436 2793 Scholiast
1461 2775 1550 2803 says:
1584 2767 1602 2782 ‘⁶
1616 2765 1678 2796 veri

88 2805 235 2834 evidence
259 2805 295 2835 of
314 2806 415 2842 fraud,
442 2817 476 2837 as
503 2807 612 2837 Cicero
632 2808 743 2838 wishes
768 2818 803 2838 us
827 2812 861 2838 to
906 2808 1006 2837 simile
1029 2818 1092 2837 non
1116 2818 1183 2837 esse
1207 2812 1242 2836 ut
1258 2808 1384 2837 incursu
1406 2807 1562 2837 latronum
1587 2808 1679 2837 tabu-

88 2847 250 2877 conclude.
906 2851 950 2880 las
966 2851 998 2880 in
1014 2851 1125 2880 itinere
1137 2851 1347 2890 perdiderint3
1372 2860 1468 2889 quum
1483 2850 1602 2880 soleant
1616 2861 1679 2881 non

135 2892 182 2927 17.
208 2891 451 2930 Dorylensium]
491 2892 561 2923 The
586 2903 679 2924 name
705 2894 731 2924 is
759 2893 861 2935 Δορύ-
906 2894 966 2924 hoc
981 2904 1080 2934 genus
1096 2894 1238 2934 praedae,
1255 2894 1308 2924 sed
1325 2894 1385 2924 alia
1400 2893 1558 2934 captare.''
