2002 3235
771 176 906 219 GAP.
940 177 1124 220 35—37.
1666 178 1746 219 401

139 291 317 333 incitata
351 290 425 342 vis,
469 291 574 333 duce
615 290 787 333 tribuno
828 291 974 347 plebis,
1013 289 1254 333 consulibus
1293 290 1550 341 auctoribus,
1592 290 1749 333 afflicto

137 362 303 408 senatu,
337 357 572 412 perterritis
605 357 816 413 equitibus
858 357 1073 407 Romanis,
1109 371 1315 412 suspensa
1354 370 1403 397 ac
1437 354 1617 396 sollicita
1655 361 1750 398 tota

137 423 321 474 civitate,
345 438 428 463 non
453 427 542 464 tam
573 422 615 463 in
646 437 712 463 me
741 422 946 479 impetum
975 423 1135 464 faceret
1165 437 1291 478 quam
1324 436 1400 476 per
1431 435 1498 462 me
1530 420 1572 461 in
1604 435 1749 462 omnes

136 490 281 539 bonos,
323 503 390 529 me
421 488 591 538 vidisse,
632 488 667 529 si
696 488 903 539 vicissem,
942 493 1092 530 tenues
1127 488 1189 529 rei
1230 487 1424 543 publicae
1465 486 1675 542 reliquias,
1712 487 1747 528 si

134 554 272 595 victus
301 568 449 605 essem,
474 554 607 595 nullas
638 555 818 596 futuras.
882 555 1007 607 Quod
1033 569 1161 610 quum
1178 553 1447 608 judicassem,
1480 552 1627 593 deflevi
1650 566 1747 592 con-

129 621 246 677 jugis
263 620 436 662 miserae
459 620 693 670 discidium,
716 621 944 663 liberorum
965 620 1276 661 carissimorum
1297 617 1579 668 solitudinem,
1603 617 1748 659 fratris

133 686 324 727 absentis
363 686 641 727 amantissimi
674 692 802 742 atque
843 686 992 742 optimi
1026 700 1182 735 casum,
1224 685 1387 727 subitas
1426 683 1747 726 fundatissimae

133 751 315 793 familiae
356 752 524 801 ruinas;
560 752 635 793 sed
675 752 739 793 his
767 752 961 793 omnibus
993 752 1118 792 rebus
1140 751 1271 792 vitam
1304 749 1526 806 anteposui
1559 764 1747 791 meorum

134 816 298 866 civium,
334 831 505 872 remque
538 817 750 872 publicam
784 817 1005 858 concidere
1045 816 1169 856 unius
1197 816 1381 857 discessu
1415 830 1541 871 quam
1562 815 1748 856 omnium

133 882 309 924 interitu
345 883 536 923 occidere
569 882 710 923 malui.
775 882 963 938 Speravi,
1006 881 1048 922 id
1079 882 1192 937 quod
1224 882 1392 931 accidit,
1437 896 1502 922 me
1531 881 1746 936 jacentem

131 963 257 1004 posse
293 948 397 989 vivis
428 947 527 989 viris
558 948 740 988 fortibus
771 947 975 996 excitari3
1021 947 1057 988 si
1090 961 1173 988 una
1207 961 1302 988 cum
1338 947 1460 988 bonis
1491 946 1744 995 interissem,

131 1014 244 1055 nullo
284 1014 409 1054 modo
450 1027 574 1069 posse
615 1013 810 1054 recreari.
878 1012 1053 1068 Accepi,
1097 1013 1335 1068 pontifices,
1379 1027 1579 1067 magnum
1617 1016 1746 1066 atque

132 1079 419 1121 incredibilem
442 1079 652 1121 dolorem:
687 1094 768 1120 non
792 1093 912 1133 nego,
947 1093 1084 1134 neque
1111 1078 1239 1120 istam
1261 1077 1365 1118 mihi
1397 1077 1559 1118 ascisco
1580 1076 1746 1132 sapien—

132 1145 235 1188 tiam
258 1160 381 1201 quam
402 1145 589 1186 nonnulli
615 1144 656 1185 in
678 1159 744 1185 me
765 1144 1050 1200 requirebant,
1074 1143 1146 1199 qui
1176 1158 1243 1184 me
1279 1144 1419 1184 animo
1451 1142 1577 1183 nimis
1609 1143 1746 1184 fracto

132 1226 224 1252 esse
264 1216 393 1267 atque
433 1211 591 1252 afflicto
632 1211 925 1265 loquebantur.
990 1209 1062 1250 An
1103 1224 1183 1265 ego
1219 1214 1426 1264 poteram,
1462 1223 1591 1263 quum
1625 1223 1651 1249 a
1678 1213 1747 1249 tot

132 1292 271 1318 rerum
292 1282 415 1319 tanta
436 1276 643 1318 varietate
677 1276 1074 1331 divellerer,—quas
1102 1275 1259 1316 idcirco
1292 1278 1527 1329 praetereo,
1552 1273 1663 1328 quod
1694 1288 1745 1314 ne

132 1358 242 1384 nunc
276 1342 444 1398 quidem
479 1342 568 1382 sine
608 1341 711 1383 fletu
747 1356 1078 1382 commemorare
1115 1339 1520 1396 possum—infitiari
1552 1353 1619 1379 me
1652 1353 1745 1379 esse

132 1409 343 1450 hominem
379 1412 423 1449 et
460 1422 723 1449 communem
763 1412 941 1449 naturae
975 1422 1142 1448 sensum
1184 1405 1435 1461 repudiare?
1498 1405 1606 1445 Tum
1646 1418 1745 1445 vero

132 1489 267 1531 neque
299 1474 399 1515 illud
420 1488 560 1514 meum
592 1473 751 1515 factum
781 1473 988 1514 laudabile
1019 1487 1096 1513 nec
1128 1471 1375 1513 beneficium
1409 1470 1539 1511 ullum
1570 1485 1595 1510 a
1615 1484 1681 1510 me
1703 1469 1746 1510 in

130 1554 220 1581 rem
250 1540 457 1595 publicam
487 1539 725 1594 profectum
748 1538 940 1589 dicerem,
965 1538 999 1579 si
1029 1537 1199 1593 quidem
1220 1552 1271 1578 ea
1299 1536 1359 1577 rei
1381 1535 1573 1591 publicae
1596 1550 1745 1576 caussa

130 1605 393 1661 reliquissem
424 1605 575 1661 quibus
603 1619 736 1659 aequo
770 1604 910 1644 animo
943 1618 1142 1653 carerem,
1167 1617 1341 1657 eamque
1372 1601 1499 1642 animi
1531 1600 1742 1650 duritiam,

130 1671 243 1713 sicut
272 1670 471 1726 corporis,
496 1671 608 1725 quod
630 1684 758 1725 quum
780 1669 916 1710 uritur
937 1683 1021 1710 non
1043 1668 1187 1716 sentit,
1211 1673 1427 1722 stuporem
1456 1666 1597 1721 potius
1620 1681 1746 1721 quam

130 1736 331 1779 virtutem
367 1740 576 1791 putarem.
652 1734 920 1776 XXXVII.
968 1733 1190 1788 Suscipere
1226 1737 1373 1774 tantos
1406 1731 1533 1773 animi
1566 1731 1743 1779 dolores,

130 1807 260 1858 atque
277 1817 325 1843 ea
346 1816 452 1857 quae
475 1805 602 1856 capta
623 1801 726 1841 urbe
749 1800 945 1841 accidunt
966 1799 1102 1850 victis,
1128 1802 1271 1840 stante
1292 1799 1395 1839 urbe
1417 1812 1545 1838 unum
1567 1796 1742 1852 perpeti,

133 1872 178 1910 et
205 1868 295 1922 jam
328 1883 372 1908 se
407 1867 547 1908 videre
584 1865 763 1907 distrahi
797 1881 823 1907 a
860 1866 1081 1921 complexu
1118 1878 1301 1914 suorum,
1345 1862 1575 1904 disturbari
1615 1867 1743 1912 tecta,

134 1933 257 1988 diripi
292 1934 496 1983 fortunas,
532 1932 697 1988 patriae
739 1931 917 1986 denique
951 1946 1102 1973 caussa
1134 1929 1315 1985 patriam
1355 1928 1491 1984 ipsam
1531 1927 1744 1976 amittere,

135 1998 307 2054 spoliari
359 1998 500 2054 populi
550 1997 731 2039 Romani
778 1997 994 2038 beneficiis
1047 1995 1330 2052 amplissimis,
1383 1993 1653 2050 praecipitari
1693 2008 1746 2034 ex

137 2147 320 2191 (speravit),
336 2149 364 2179 si
385 2148 571 2184 interiisset,
588 2147 677 2177 nullo
693 2156 726 2176 se
749 2146 841 2176 modo
865 2155 915 2176 re-

136 2194 243 2223 creari
267 2191 397 2232 posse.’'
446 2191 497 2221 He
527 2201 582 2230 say
612 2189 675 2219 this
706 2189 739 2219 in
769 2189 824 2218 the
855 2189 916 2218 Pro

137 2236 251 2272 Sestio,
276 2246 303 2266 c.
328 2237 380 2272 22,
404 2235 437 2264 in
464 2244 483 2264 a
506 2234 653 2263 different
678 2233 777 2272 style:
805 2232 917 2264 “Quis

135 2280 220 2309 enim
236 2289 389 2319 umquam
411 2288 462 2308 me
482 2287 501 2307 a
524 2279 637 2307 senatu
653 2275 834 2316 populoque
851 2275 916 2304 Ro-

135 2333 230 2353 mano
256 2326 346 2352 tanto
374 2321 516 2351 omnium
542 2320 699 2350 bonorum
724 2318 828 2349 studio
852 2328 916 2347 non

135 2366 293 2402 restituto,
320 2365 405 2405 quod
429 2368 524 2401 certe,
549 2364 575 2393 si
597 2373 699 2393 essem
721 2361 916 2397 interfectus,

136 2410 278 2440 accidere
300 2419 365 2439 non
390 2408 556 2448 potuisset,
580 2407 678 2436 ullam
705 2405 750 2435 rei
774 2404 918 2444 publicae

135 2456 259 2493 partem
290 2463 363 2482 eum
394 2462 451 2482 sua
481 2451 612 2480 minima
641 2449 759 2479 invidia
788 2448 918 2478 auderet

135 2495 344 2535 attingere?’'
406 2494 556 2524 “Wolfs
583 2503 674 2523 sneer
699 2492 782 2521 loses
809 2491 851 2521 all
877 2491 917 2520 its

136 2540 295 2578 meaning,
328 2538 420 2568 when
451 2548 497 2567 we
527 2536 676 2577 properly
703 2535 776 2565 look
803 2538 836 2564 at
861 2534 916 2563 the

136 2582 239 2612 words
263 2592 334 2611 cnm
363 2582 460 2616 bonis,
477 2591 510 2610 as
534 2581 567 2610 in
587 2580 702 2619 justice
725 2578 786 2608 and
807 2578 916 2617 equity

136 2636 183 2655 we
200 2625 314 2654 should
335 2624 386 2659 do,
403 2624 506 2654 which
521 2623 623 2653 words
639 2622 730 2652 Wolf
747 2621 915 2661 purposely

137 2668 270 2698 omitted
286 2668 319 2697 in
335 2668 384 2697 his
397 2667 520 2697 sneer.''
545 2666 702 2696 Whether
718 2666 758 2695 he
770 2664 914 2705 perished

139 2714 231 2741 ‘cum
256 2710 367 2740 bonis’
396 2720 431 2739 or
455 2710 590 2739 without
614 2709 713 2745 them,
738 2709 793 2738 the
817 2708 917 2737 result

138 2764 201 2783 was
212 2754 267 2783 the
280 2764 375 2783 same.
401 2753 517 2788 Baiter,
530 2753 690 2791 following
702 2751 916 2790 Nagelsbach,

138 2797 243 2827 writes
260 2800 372 2836 ‘posse
387 2806 453 2826 rem
470 2796 628 2835 publicam
644 2795 799 2825 recreari!

183 2849 233 2870 me
249 2862 257 2870 .
275 2862 283 2869 .
301 2862 309 2869 .
327 2849 391 2869 esse
408 2862 415 2869 .
435 2861 442 2869 .
461 2862 468 2869 .
486 2839 726 2878 loquebantur.]
770 2838 831 2868 For
847 2840 854 2854 ‘
867 2847 918 2867 me

142 2905 152 2914 .
169 2905 177 2913 .
195 2904 203 2912 .
220 2892 288 2912 esse
305 2905 313 2912 .
332 2904 339 2911 .
359 2904 366 2911 .
383 2881 607 2912 dicebant.'—‘
619 2882 687 2911 siue
702 2882 780 2911 fletu
792 2880 811 2911 :'
828 2881 918 2911 there

140 2926 167 2957 is
183 2936 202 2956 a
216 2925 320 2955 better
335 2935 447 2955 reason
462 2925 541 2956 than
555 2925 619 2955 this
634 2924 683 2955 for
701 2925 830 2965 passing
845 2934 918 2955 over

202 2983 298 3009 VOL.
334 2982 403 3009 111.

961 2145 1062 2176 them.
1107 2141 1198 2184 They
1214 2153 1295 2173 were
1310 2141 1418 2172 beside
1434 2141 1488 2172 the
1503 2151 1652 2181 purpose.

1004 2191 1168 2227 stuporem
1189 2186 1317 2226 potius]
1367 2185 1459 2215 Wolf
1476 2184 1573 2214 refers
1594 2188 1627 2214 to
1644 2183 1744 2214 Cran-

962 2231 1038 2262 tor's
1051 2230 1191 2270 opinion,
1205 2229 1334 2259 Tuscul.
1349 2228 1440 2267 Disp.
1454 2228 1496 2257 iii.
1511 2229 1530 2257 6
1543 2240 1549 2256 :
1576 2230 1595 2244 ‘⁴
1607 2227 1744 2257 Minime

961 2274 1116 2304 assentior
1131 2273 1180 2309 iis,
1192 2273 1246 2312 qui
1263 2272 1356 2302 istam
1369 2271 1475 2301 nescio
1487 2281 1581 2311 quam
1597 2271 1743 2300 indolen-

961 2317 1039 2346 tiam
1050 2325 1240 2355 magnopere
1252 2315 1393 2351 laudant,
1406 2324 1486 2354 quae
1497 2324 1554 2344 nec
1564 2317 1670 2354 potest
1679 2314 1744 2344 ulla

962 2370 1030 2390 esse
1040 2370 1098 2389 nec
1108 2358 1345 2389 debet.--Nam
1361 2357 1448 2388 istud
1464 2357 1542 2387 nihil
1557 2357 1663 2387 dolere
1678 2367 1743 2387 non

963 2404 1030 2433 sine
1053 2412 1168 2442 magna
1190 2401 1334 2431 mercede
1357 2401 1512 2440 contingit
1534 2401 1742 2430 immanitatis

962 2447 995 2476 in
1011 2447 1127 2482 animo,
1145 2445 1282 2484 stuporis
1298 2445 1330 2473 in
1347 2443 1514 2484 corpore.'’

1008 2490 1059 2519 He
1083 2499 1154 2528 says
1177 2487 1358 2526 something
1379 2488 1412 2517 in
1435 2487 1491 2517 the
1507 2487 1568 2516 Pro
1585 2486 1698 2523 Sestio,
1714 2496 1741 2516 c.

961 2535 1012 2568 22,
1030 2533 1061 2562 in
1078 2543 1097 2562 a
1112 2533 1170 2562 few
1186 2531 1287 2561 words
1311 2531 1407 2560 much
1430 2530 1543 2560 better.
1590 2530 1658 2559 The
1675 2530 1740 2559 De-

961 2577 1111 2605 clamator
1148 2575 1204 2604 has
1242 2573 1358 2603 turned
1393 2574 1418 2603 it
1450 2574 1518 2603 into
1551 2572 1738 2612 bul-lesque:

961 2620 1107 2658 “Neque
1123 2618 1206 2648 enim
1222 2617 1255 2646 in
1278 2617 1338 2647 hoc
1361 2626 1412 2646 me
1427 2616 1589 2646 hominem
1609 2626 1676 2645 esse
1692 2615 1741 2644 in-

960 2662 1086 2692 fitiabor
1120 2671 1282 2700 umquam,
1318 2662 1354 2689 ut
1391 2670 1441 2688 me
1477 2659 1598 2698 optimo
1631 2658 1739 2693 fratrc,

961 2706 1129 2736 carissimis
1152 2704 1269 2739 liberis,
1293 2702 1445 2732 fidissima
1467 2702 1611 2740 conjuge,
1635 2704 1739 2730 vestro

962 2753 1143 2789 conspectu,
1171 2747 1282 2787 patria,
1306 2746 1366 2775 hoc
1392 2745 1520 2774 honoris
1547 2744 1645 2783 gradu
1672 2744 1740 2773 sine

961 2793 1068 2823 dolore
1091 2792 1226 2822 caruisse
1248 2790 1372 2828 glorier.
1419 2788 1512 2821 Quod
1536 2788 1562 2817 si
1583 2787 1739 2823 fecissem,

962 2836 1047 2876 quod
1063 2846 1081 2865 a
1096 2845 1147 2866 me
1163 2833 1353 2864 beneficium
1376 2831 1544 2865 haberetis,
1561 2840 1660 2871 quum
1681 2840 1739 2869 pro

961 2879 1050 2910 vobis
1075 2889 1112 2910 ea
1141 2887 1221 2919 quae
1252 2875 1330 2907 mihi
1359 2878 1466 2905 essent
1495 2874 1568 2904 vilia
1593 2873 1739 2914 reliquis-

962 2933 1027 2954 sem
1040 2921 1080 2953 ?'¹

1428 2975 1453 3000 D
1486 2959 1513 2999 d
