2063 3242
227 198 311 239 412
704 191 884 235 ORAT.
918 191 1002 234 DE
1036 188 1217 232 DOMO
1251 187 1376 231 SUA

228 312 402 354 tandem
416 309 578 351 adfuit?
642 308 854 349 Posuerat
876 306 988 347 enim
1008 305 1313 347 auctoritatem
1333 303 1375 344 in
1397 318 1480 344 uno
1503 318 1608 359 quae
1631 306 1696 345 est
1717 302 1759 344 in
1780 301 1846 343 his

229 378 449 425 omnibus;
485 376 560 417 sed
583 379 725 416 tamen
745 377 876 427 auget
898 376 942 413 et
963 376 1082 412 aetas
1099 376 1143 412 et
1164 371 1299 411 honos
1317 369 1594 425 dignitatem:
1629 384 1736 424 opus
1754 372 1848 409 erat

229 444 359 486 etiam
396 441 586 492 scientia,
620 455 745 496 quam
782 438 817 479 si
849 451 993 478 omnes
1026 435 1243 478 consecuti
1275 440 1387 495 sunt,
1420 440 1564 476 tamen
1595 440 1710 476 certe
1741 433 1847 489 peri-

230 511 363 553 tiores
395 513 589 550 vetustas
626 506 743 547 facit.
808 504 911 556 Quis
947 518 1048 558 ergo
1084 503 1247 544 adfuit?
1311 502 1478 551 Frater,
1516 500 1666 556 inquit,
1706 499 1849 541 uxoris

230 591 362 617 meae.
428 574 472 615 Si
507 572 811 614 auctoritatem
849 569 1103 624 quaerimus,
1127 568 1208 610 etsi
1241 567 1283 608 id
1308 573 1374 608 est
1407 566 1562 608 aetatis
1585 571 1631 607 ut
1664 566 1850 607 nondum

233 645 488 684 consecutus
521 639 589 689 sit,
628 642 771 679 tamen
813 640 974 691 quanta
1014 639 1080 675 est
1121 634 1163 674 in
1208 633 1473 674 adolescente
1512 632 1758 682 auctoritas,
1802 646 1851 672 ea

232 712 407 764 propter
433 710 597 748 tantam
628 701 971 757 conjunctionem
998 699 1219 741 affinitatis
1247 698 1383 740 minor
1414 702 1480 739 est
1511 698 1712 754 putanda.
1776 697 1852 738 Sin

233 779 376 815 autem
408 770 586 813 scientia
619 774 685 810 est
720 767 925 824 quaesita,
962 766 1055 822 quis
1088 770 1180 807 erat
1213 765 1351 805 minus
1386 764 1550 820 peritus
1579 779 1703 820 quam
1725 764 1759 805 is
1781 763 1852 819 qui

234 839 380 895 paucis
401 838 481 879 illis
503 836 651 878 diebus
681 835 724 875 111
750 833 974 889 collegium
995 832 1198 874 venerat?
1230 831 1300 887 qui
1332 830 1460 871 etiam
1482 830 1561 872 tibi
1592 834 1686 871 erat
1715 829 1852 885 magis

236 904 471 946 obstrictus
501 900 709 943 beneficio
731 898 908 948 recenti,
931 913 1059 954 quum
1080 912 1125 938 se
1146 897 1322 939 fratrem
1347 896 1492 937 uxoris
1513 901 1614 937 tuae
1634 895 1756 937 fratri
1777 900 1853 937 tuo

235 984 437 1026 germano
478 967 714 1010 antelatum
755 965 952 1012 videbat,
989 963 1070 1004 etsi
1110 963 1152 1004 in
1185 977 1235 1004 eo
1277 962 1513 1018 providisti,
1554 977 1607 1003 ne
1643 961 1776 1003 frater
1810 965 1854 1002 te

236 1050 440 1078 accusare
473 1033 624 1090 possit.
688 1031 815 1072 Hanc
846 1035 895 1072 tu
927 1029 1057 1085 igitur
1088 1028 1397 1070 dedicationem
1428 1028 1627 1084 appellas,
1654 1027 1709 1068 ad
1731 1042 1856 1083 quam

238 1116 321 1143 non
344 1100 579 1156 collegium,
603 1113 687 1139 non
718 1097 949 1138 honoribus
977 1095 1121 1152 populi
1150 1094 1331 1136 Romani
1365 1100 1561 1136 ornatum
1598 1094 1852 1149 pontificem,

238 1182 323 1208 non
361 1166 541 1220 denique
572 1164 886 1205 adolescentem
927 1176 1192 1218 quemquam,
1226 1176 1354 1217 quum
1395 1161 1574 1201 haberes
1606 1160 1647 1201 in
1679 1159 1856 1215 collegio

238 1231 598 1279 familiarissimos,
622 1229 824 1270 adhibere
846 1228 1049 1284 potuisti?
1112 1227 1265 1268 Adfuit
1285 1226 1332 1277 is,
1357 1227 1392 1267 si
1414 1227 1538 1267 modo
1561 1226 1708 1276 adfuit,
1733 1240 1859 1280 quem

240 1303 289 1340 tu
311 1296 528 1352 impulisti,
552 1311 672 1337 soror
692 1295 871 1351 rogavit,
896 1299 1031 1336 mater
1054 1293 1206 1349 coegit.
1270 1293 1427 1335 Videte
1456 1293 1599 1349 igitur,
1622 1293 1855 1348 pontifices,

240 1364 341 1419 quid
372 1362 576 1404 statuatis
598 1362 640 1402 in
661 1376 756 1402 mea
778 1375 929 1402 caussa
960 1361 1012 1401 de
1043 1359 1230 1400 onmium
1263 1359 1473 1401 fortunis:
1508 1360 1691 1401 verbone
1721 1358 1860 1414 ponti-

240 1430 331 1472 ficis
352 1429 527 1486 putetis,
552 1428 588 1469 si
619 1429 654 1469 is
677 1432 845 1484 postem
873 1426 1060 1468 tenuerit
1091 1431 1134 1467 et
1165 1425 1324 1481 aliquid
1347 1425 1512 1476 dixerit,
1538 1426 1708 1466 domum
1737 1424 1860 1466 unius

242 1496 447 1551 cujusque
484 1494 723 1536 consecrari
760 1508 896 1550 posse,
918 1508 973 1533 an
1008 1492 1116 1533 istae
1145 1491 1444 1542 dedicationes,
1475 1499 1518 1533 et
1538 1491 1794 1547 templorum
1816 1494 1861 1532 et

243 1562 515 1604 delubrorum
544 1560 781 1615 religiones,
804 1559 859 1600 ad
896 1559 1098 1600 honorem
1120 1558 1295 1599 deorum
1330 1557 1641 1608 immortalium,
1665 1557 1756 1598 sine
1777 1556 1862 1597 ulla

244 1628 399 1670 civium
434 1627 676 1669 calamitate
712 1641 738 1667 a
768 1625 1000 1680 majoribus
1036 1624 1196 1666 nostris
1229 1623 1488 1666 constitutae
1521 1623 1618 1666 sint.
1682 1623 1765 1664 Est
1801 1622 1863 1663 in-

244 1699 396 1736 ventus
436 1693 632 1736 tribunus
672 1693 807 1749 plebis
855 1692 927 1747 qui
970 1691 1258 1733 consularibus
1301 1690 1434 1746 copiis
1475 1690 1708 1731 instructus
1749 1689 1862 1730 omni

245 1760 407 1816 impetu
439 1759 592 1800 furoris
632 1758 672 1799 in
706 1773 802 1800 eum
835 1758 969 1799 civem
1002 1757 1183 1806 irruerit,
1222 1771 1346 1812 quem
1379 1756 1621 1811 perculsum
1662 1756 1753 1811 ipsa
1794 1770 1862 1796 res

245 1827 414 1883 publica
456 1825 543 1867 suis
582 1825 778 1866 manibus
819 1824 1055 1865 extolleret.
1137 1821 1313 1863 XLVI.
1362 1822 1484 1875 Quid,
1527 1822 1563 1863 si
1605 1822 1674 1878 qui
1715 1821 1863 1862 similis

247 1892 382 1943 istius,
406 1906 543 1947 neque
572 1890 683 1932 enim
700 1890 792 1945 jam
813 1890 993 1931 deerunt
1014 1888 1084 1944 qui
1112 1888 1268 1929 imitari
1296 1887 1438 1938 velint,
1461 1887 1644 1943 aliquem
1676 1887 1758 1929 mei
1781 1886 1863 1928 dis-

250 2043 384 2083 Finauy‚
414 2043 536 2074 Gesner
563 2043 743 2080 concludes,
770 2043 944 2083 “Populus
967 2042 1032 2073 Ro-

250 2097 363 2118 manus
386 2090 492 2126 potest
511 2086 653 2123 omnia,’'
669 2086 822 2126 referring
837 2090 871 2117 to
889 2087 968 2126 Livy
987 2085 1033 2126 (9.

250 2142 277 2161 c.
297 2130 363 2170 46).
411 2131 476 2160 But
492 2141 537 2160 we
554 2133 638 2160 want
658 2133 692 2160 to
716 2130 809 2160 know
825 2130 853 2160 if
873 2140 892 2160 a
907 2130 1034 2160 tribune

251 2174 344 2205 could
360 2174 400 2204 do
423 2173 572 2211 ‘omnia‚’
593 2184 673 2204 even
699 2174 733 2204 in
755 2177 886 2204 matters
910 2173 947 2204 of
965 2173 1037 2204 reli-

252 2228 337 2257 gion.

297 2261 395 2291 Klotz
413 2270 483 2300 says
499 2270 541 2291 on
556 2261 620 2291 this
636 2270 767 2301 passage
785 2260 849 2301 (vel
871 2260 968 2291 etiam
985 2270 1037 2291 co-

253 2303 360 2343 gere):
388 2307 407 2320 “
421 2304 499 2334 This
526 2314 628 2335 seems
652 2304 727 2334 here
750 2305 870 2344 merely
885 2307 919 2334 to
945 2314 1038 2333 mean

254 2348 309 2378 the
325 2347 439 2386 calling
455 2349 611 2387 together,
638 2358 656 2377 a
679 2348 765 2387 right
783 2347 917 2387 (power)
934 2347 1037 2377 which

255 2400 356 2421 seems
380 2394 412 2420 to
430 2390 507 2421 have
523 2391 604 2421 been
623 2391 840 2431 indisputably
856 2391 988 2421 allowed
1004 2394 1037 2421 to

255 2434 310 2464 the
326 2433 480 2464 tribunes.
528 2435 587 2464 See
604 2434 725 2464 Gesner
740 2444 781 2464 on
798 2444 855 2464 our
871 2433 1037 2474 passage.’'

255 2477 317 2507 We
341 2477 421 2507 have
445 2487 519 2507 seen
542 2477 631 2513 him;
656 2477 719 2507 and
744 2478 783 2508 he
808 2487 910 2508 seems
931 2480 989 2508 not
1005 2480 1038 2508 to

255 2521 335 2551 have
351 2521 468 2560 proved
486 2521 536 2550 his
553 2521 653 2560 point.

301 2565 334 2594 in
359 2565 409 2594 his
432 2564 615 2603 07717zibus;]
665 2563 848 2594 Mommsen
864 2564 921 2594 has
938 2564 1040 2594 disco-

256 2607 351 2638 vered
372 2607 444 2637 that
463 2607 551 2637 there
574 2608 600 2636 is
613 2618 631 2636 a
647 2607 780 2636 ‘lacuna
791 2607 798 2620 ’
816 2608 897 2637 after
913 2611 920 2624 ⁴
936 2607 1039 2637 omni-

257 2651 317 2681 bus
334 2650 352 2688 3⁷
377 2651 439 2680 and
463 2651 503 2681 he
528 2651 554 2680 is
578 2649 731 2690 probably
753 2650 902 2689 right.——‘
918 2651 1038 2687 Frater,

257 2694 364 2734 inquit
376 2693 395 2724 :’
422 2694 604 2724 Perizonius
627 2703 697 2733 says
713 2693 783 2723 that
799 2693 853 2723 the
869 2693 1000 2723 brother
1015 2694 1041 2723 is

259 2738 297 2768 L.
316 2737 460 2767 Pinarius
476 2738 584 2773 Natta,
607 2737 669 2767 and
694 2736 729 2766 of
747 2746 856 2767 course
872 2737 927 2766 the
942 2736 1040 2766 wife’s

258 2791 353 2811 name
369 2791 431 2811 was
449 2781 582 2811 Pinaria.
629 2780 758 2811 Clodius
775 2780 838 2809 had
859 2780 1041 2810 afterwards

259 2835 278 2854 a
299 2824 368 2854 wife
384 2825 499 2854 named
522 2824 642 2854 Fulvia.
688 2823 792 2853 There
812 2823 838 2853 is
861 2833 880 2852 a
902 2826 977 2853 note
1000 2833 1043 2853 on

259 2868 370 2904 Natta,
388 2868 449 2898 Pro
465 2868 612 2904 Murena,
630 2877 656 2897 c.
674 2868 726 2897 35.

305 2914 426 2950 quanta
443 2912 505 2948 est]
542 2912 551 2927 ‘
565 2913 685 2950 quanta
709 2908 852 2949 quanta‚’
866 2909 1043 2939 Lambinus

262 2952 411 2996 (Baiter).
457 2955 527 2986 The
546 2953 668 2985 French
688 2953 776 2984 critic
794 2953 914 2984 wished
937 2955 971 2983 to
995 2955 1044 2984 set

1078 2042 1133 2072 the
1155 2041 1252 2073 Latin
1276 2041 1371 2081 right.
1418 2041 1451 2071 It
1478 2040 1593 2071 should
1615 2040 1666 2077 be,
1690 2050 1724 2071 as
1751 2039 1863 2070 Mark-

1079 2086 1153 2116 land
1170 2096 1251 2126 says,
1268 2086 1369 2115 either
1386 2087 1393 2101 ‘
1408 2088 1655 2125 quantacunque
1667 2083 1674 2097 ’
1691 2094 1727 2114 or
1744 2087 1865 2124 ‘quan-

1079 2133 1112 2159 ta
1128 2128 1277 2169 quanta?
1302 2139 1336 2159 as
1359 2129 1393 2159 in
1418 2129 1474 2158 the
1497 2129 1621 2158 oration
1639 2128 1699 2158 Pro
1717 2127 1865 2158 Cornelio

1084 2173 1196 2209 Balbo,
1214 2183 1240 2203 c.
1259 2175 1298 2203 25
1315 2185 1321 2202 :
1347 2175 1366 2189 “
1382 2172 1552 2202 Pecuniam
1567 2172 1603 2202 L.
1616 2171 1765 2208 Cornelii,
1784 2180 1866 2211 quae

1082 2226 1186 2256 neque
1213 2216 1367 2246 invidiosa
1391 2219 1449 2252 est,
1478 2218 1510 2245 et
1535 2218 1781 2255 quantacunque
1805 2217 1865 2251 est,

1083 2260 1239 2299 ejusmodi
1255 2263 1303 2289 est
1319 2262 1355 2289 ut
1371 2262 1554 2289 conservata
1569 2258 1668 2298 magis
1685 2269 1781 2298 quam
1798 2268 1865 2287 cor-

1083 2307 1173 2343 repta
1189 2314 1257 2334 esse
1273 2303 1416 2333 videatur
1427 2301 1458 2340 ;’'
1478 2302 1540 2332 and
1552 2302 1702 2339 Terence,
1717 2301 1866 2341 Adelphi,

1082 2347 1126 2377 iii.
1143 2348 1174 2377 3.
1193 2349 1252 2377 40:
1278 2346 1359 2376 “Tu
1384 2349 1522 2386 quantus
1539 2349 1676 2386 quantus
1702 2345 1783 2375 1111111
1805 2344 1867 2375 nisi

1083 2391 1208 2431 sapiens
1225 2389 1348 2420 es.'’—‘
1362 2390 1471 2429 paucis
1495 2389 1556 2419 illis
1572 2385 1715 2419 (liebusz'
1743 2391 1780 2418 ‘a
1807 2388 1866 2418 few

1084 2434 1160 2473 days
1176 2433 1307 2463 before.'
1356 2433 1414 2463 See
1430 2432 1503 2463 Vol.
1522 2433 1549 2463 I.
1567 2432 1679 2462 Index.

1128 2487 1191 2506 uon
1219 2477 1354 2516 denique
1381 2475 1629 2514 adolescentem]
1681 2478 1688 2492 ‘
1699 2485 1760 2505 non
1778 2475 1868 2505 [leni-

1086 2530 1145 2559 que
1176 2520 1293 2559 [alium
1316 2522 1452 2558 praeter
1480 2520 1588 2557 illam]
1623 2519 1866 2556 adolescentem,

1085 2563 1268 2593 Mommsen
1281 2561 1288 2575 '
1315 2561 1463 2603 (Baiter).

1127 2607 1180 2636 46.
1206 2607 1344 2645 aliquem
1368 2605 1445 2645 mei]
1496 2607 1504 2622 ‘
1516 2615 1611 2645 quem
1636 2604 1722 2642 mei‚’
1748 2604 1867 2635 Baiter.

1085 2652 1138 2672 -—‘
1151 2649 1239 2679 Dicis
1252 2647 1271 2678 :’
1297 2652 1304 2665 ⁴
1320 2647 1456 2685 Dicitis,’
1474 2649 1546 2678 Nic.
1563 2648 1783 2687 Angelius—⁶
1795 2658 1867 2688 rep-

1085 2693 1202 2732 pererit
1214 2691 1233 2721 2'
1260 2695 1267 2708 ‘
1279 2691 1438 2731 reperiet,’
1462 2692 1577 2728 Baiter,
1595 2692 1666 2722 who
1683 2692 1748 2722 also
1765 2692 1868 2722 writes

1088 2740 1106 2752 “
1119 2738 1150 2765 et
1166 2735 1309 2774 pontifex
1334 2738 1366 2765 et
1389 2735 1536 2765 tribunus
1553 2736 1596 2775 pl.
1613 2736 1697 2765 idem
1719 2745 1788 2765 esse
1804 2745 1869 2764 non

1086 2782 1191 2819 potest
1205 2777 1245 2808 ?'’
1284 2778 1353 2808 The
1371 2779 1574 2809 Declamator
1589 2789 1660 2818 says
1675 2779 1746 2808 that
1761 2789 1780 2808 a
1795 2788 1869 2808 man

1088 2822 1190 2861 might
1205 2824 1237 2851 at
1247 2822 1302 2851 the
1315 2832 1400 2851 same
1411 2822 1488 2852 time
1500 2822 1540 2852 be
1553 2832 1570 2852 a
1580 2826 1619 2852 tr.
1631 2822 1674 2862 pl.
1688 2821 1750 2852 and
1761 2832 1778 2851 a
1788 2831 1868 2861 pon-

1087 2865 1174 2895 tifex.
1193 2865 1510 2904 Othermagistrates,
1519 2875 1536 2895 a
1543 2865 1652 2895 consul
1659 2865 1706 2895 for
1715 2865 1867 2900 instance,

1087 2908 1190 2947 might
1205 2908 1280 2938 hold
1302 2909 1385 2939 their
1400 2909 1489 2939 office
1504 2909 1566 2938 and
1588 2908 1628 2940 be
1643 2919 1662 2939 a
1677 2908 1820 2948 pontifex
1835 2910 1868 2937 at

1087 2952 1143 2982 the
1159 2961 1245 2982 same
1261 2952 1348 2983 time.
1396 2952 1411 2982 I
1429 2952 1469 2983 do
1485 2955 1543 2983 not
1561 2952 1655 2982 know
1670 2952 1696 2982 if
1708 2963 1727 2983 a
1742 2950 1868 2983 tribune
