2002 3235
741 208 874 253 GAP.
907 211 1089 254 21—23.
1640 217 1720 258 461

115 324 371 375 auctoribus,
409 322 612 379 Pompeio
648 323 848 380 principe,
884 325 954 381 qui
991 325 1231 381 cupientem
1268 325 1448 378 Italiam,
1481 327 1724 383 flagitantes

114 405 199 441 VOS,
223 390 423 446 populum
446 390 684 430 Romanum
715 390 1037 442 desiderantem,
1062 407 1145 433 non
1176 392 1434 434 auctoritate
1465 407 1542 434 sua
1573 396 1721 446 solum,

115 457 189 497 sed
221 456 346 497 etiam
381 455 575 511 precibus
607 455 661 496 ad
701 470 839 496 meam
873 456 1055 498 salutem
1088 457 1301 508 excitavit,
1337 459 1526 500 restituti
1566 474 1723 502 sumus.

118 519 182 561 Sit
215 521 518 561 discordiarum
549 520 643 561 finis
673 521 923 577 aliquand03
969 537 994 563 a
1025 522 1234 564 diuturnis
1271 523 1599 565 dissensionibus
1627 541 1723 566 con-

115 585 390 640 quiescamus.
454 585 550 626 Non
581 586 682 628 sinit
713 588 860 628 eadem
890 587 973 629 ista
1004 588 1142 629 labes:
1178 604 1248 630 eas
1270 590 1398 631 habet
1419 591 1650 641 contiones,
1675 607 1724 633 ea

114 651 264 692 miscet
286 666 334 692 ac
356 652 503 692 turbat
524 656 572 693 ut
592 653 717 693 modo
741 668 786 694 se
815 653 892 703 his,
917 654 1041 694 modo
1063 655 1217 695 vendat
1247 655 1352 704 illis;
1387 671 1464 697 nec
1497 660 1634 697 tamen
1664 658 1724 698 ita

115 722 164 758 ut
185 732 229 757 se
258 717 491 772 quisquam,
516 717 551 758 si
582 718 635 759 ab
668 718 750 759 isto
781 719 979 760 laudatus
1010 719 1078 768 sit,
1102 720 1377 762 laudatiorem
1410 726 1546 777 putet,
1570 723 1645 763 sed
1677 729 1725 765 ut

114 797 186 823 eos
217 797 321 837 quos
352 797 435 823 non
466 787 612 824 amant
642 784 695 824 ab
727 784 873 824 eodem
904 785 1120 839 gaudeant
1150 786 1392 841 vituperari.
1454 787 1601 843 Atque
1644 804 1723 844 ego

114 848 225 888 hunc
246 862 330 887 non
362 847 648 903 miror—quid
670 849 780 889 enim
802 849 930 890 faciat
961 850 1249 892 aliudss-illos
1280 852 1470 893 homines
1501 854 1724 908 sapientis-

115 913 242 953 simos
281 913 636 968 gravissimosque
676 914 829 961 miror;
884 914 1076 969 primum,
1121 917 1233 971 quod
1274 932 1525 974 quemquam
1567 919 1723 960 clarum

114 977 324 1018 hominem
341 983 469 1033 atque
487 979 644 1034 optime
659 980 710 1020 de
732 994 776 1021 re
798 980 962 1035 publica
979 995 1103 1036 saepe
1120 982 1316 1023 meritum
1334 983 1603 1039 impurissimi
1621 1000 1723 1025 voce

113 1043 293 1084 hominis
323 1044 469 1085 violari
501 1044 621 1085 facile
652 1045 898 1100 patiuntur3
934 1046 1096 1096 deinde,
1124 1047 1158 1087 si
1191 1048 1435 1091 existimant
1466 1050 1620 1105 perditi
1651 1051 1723 1091 ho-

112 1108 235 1150 minis
256 1109 551 1165 profligatique
573 1110 812 1152 maledictis
833 1125 970 1166 posse,
994 1112 1036 1152 id
1059 1113 1170 1168 quod
1191 1113 1361 1156 minime
1384 1116 1582 1157 conducit
1605 1116 1722 1171 ipsiS,

114 1175 361 1230 cujusquam
382 1175 558 1229 gloriam
580 1175 914 1231 dignitatemque
935 1177 1105 1225 violari;
1141 1184 1367 1233 postremo,
1391 1182 1502 1236 quod
1525 1196 1607 1222 non
1630 1197 1722 1223 sen-

113 1240 227 1281 tiunt
249 1240 301 1291 id,
327 1241 438 1296 quod
459 1246 602 1282 tamen
629 1241 730 1281 mihi
756 1242 845 1296 jam
872 1243 1078 1298 suspicari
1100 1244 1308 1294 videntur,
1334 1245 1442 1287 illius
1464 1247 1652 1288 furentes
1673 1262 1722 1288 ac

113 1305 319 1347 volaticos
346 1305 529 1360 impetus
558 1306 600 1346 in
621 1321 665 1347 se
686 1306 800 1361 ipsos
820 1322 943 1362 posse
966 1308 1167 1350 converti.
1229 1309 1374 1365 Atque
1403 1326 1455 1351 ex
1487 1312 1564 1353 hac
1595 1313 1722 1353 nimia

113 1371 406 1411 nonnullorum
428 1371 683 1413 alienatione
704 1387 729 1413 a
751 1373 1002 1428 quibusdam
1024 1374 1198 1415 haerent
1221 1390 1270 1416 ea
1297 1376 1382 1417 tela
1411 1377 1452 1417 in
1474 1392 1519 1418 re
1541 1378 1719 1432 publica,

114 1451 220 1490 quae
242 1436 439 1490 quamdiu
461 1436 693 1478 haerebant
709 1437 750 1477 in
772 1453 854 1478 uno
877 1453 953 1489 me,
977 1439 1161 1493 graviter
1182 1440 1388 1495 equidem,
1412 1443 1485 1483 sed
1507 1442 1722 1498 aliquanto

113 1500 244 1542 levius
265 1501 463 1542 ferebam.
525 1502 597 1542 An
619 1502 712 1553 iste,
737 1502 816 1543 nisi
845 1503 979 1558 primo
1001 1519 1045 1545 se
1069 1505 1255 1547 dedisset
1283 1506 1332 1547 iis
1353 1522 1529 1562 quorum
1559 1509 1723 1550 animos

113 1580 139 1606 a
160 1571 300 1607 vestra
327 1566 582 1608 auctoritate
614 1568 829 1622 sejunctos
851 1583 943 1609 esse
971 1569 1272 1621 arbitrabatur,
1296 1571 1376 1612 nisi
1398 1587 1469 1613 eos
1498 1573 1538 1613 in
1561 1574 1722 1615 caelum

113 1631 200 1673 suis
230 1632 423 1672 laudibus
453 1633 692 1687 praeclarus
722 1638 871 1674 auctor
903 1635 1135 1686 extolleret,
1170 1636 1249 1676 nisi
1281 1638 1515 1679 exercitum
1548 1639 1594 1681 C.
1619 1640 1722 1681 Gae-

112 1697 335 1746 saris,——·in
366 1712 448 1752 quo
480 1697 664 1748 fallebat,
688 1699 762 1739 sed
793 1714 888 1739 eum
919 1715 1040 1741 nemo
1072 1701 1508 1756 redarguebat,—nisi
1531 1719 1637 1755 eum,
1662 1705 1722 1745 in-

113 1777 249 1818 quam,
270 1763 501 1804 exercitum
519 1763 649 1817 signis
666 1763 829 1805 infestis
848 1764 890 1804 in
908 1765 1065 1806 curiam
1081 1780 1126 1806 se
1140 1766 1424 1808 immissurum
1440 1769 1720 1819 minitaretur,

112 1828 193 1869 nisi
234 1842 278 1869 se
313 1829 388 1870 Cn.
423 1828 626 1884 Pompeio
662 1829 868 1883 adjutore,
906 1829 966 1872 M.
1003 1831 1156 1872 Crasso
1190 1838 1362 1874 auctore
1398 1849 1504 1889 quae
1539 1835 1723 1876 faciebat

112 1894 250 1935 facere
283 1894 495 1944 clamaret,
520 1894 600 1934 nisi
631 1895 824 1935 consules
855 1910 1047 1936 caussam
1080 1897 1347 1951 conjunxisse
1379 1914 1531 1949 secum,
1566 1900 1608 1940 in
1639 1915 1721 1955 quo

113 1973 196 1999 uno
218 1974 301 1999 non
322 1959 619 2009 mentiebatur,
644 1960 927 2017 confirmaret,
952 1965 1041 2002 tam
1064 1962 1243 2003 crudelis
1265 1964 1357 2014 mei,
1379 1969 1467 2006 tam
1490 1966 1723 2006 sceleratus

114 2024 174 2065 rei
205 2024 394 2078 publicae
425 2029 599 2065 vexator
630 2039 720 2066 esse
752 2025 989 2080 potuisset?
1051 2027 1244 2068 XXIII.
1279 2028 1410 2080 Idem,
1444 2036 1723 2086 posteaquam

114 2089 318 2144 respirare
359 2104 432 2130 vos
472 2104 497 2130 a
536 2094 653 2130 metu
694 2090 847 2139 caedis,
885 2106 1101 2147 emergere
1141 2094 1441 2135 auctoritatem
1474 2100 1659 2136 vestram
1699 2111 1722 2137 e

113 2154 313 2195 fiuctibus
344 2154 425 2195 illis
455 2155 684 2205 servitutis,
719 2155 968 2198 reviviscere
999 2159 1243 2199 memoriam
1274 2174 1323 2200 ac
1358 2160 1609 2202 desiderium
1639 2161 1722 2202 mei

113 2220 231 2269 vidit,
267 2220 383 2261 vobis
424 2235 468 2261 se
510 2220 649 2275 coepit
690 2221 832 2262 subito
867 2221 1134 2264 fallacissime
1169 2225 1401 2267 venditare.
1465 2226 1572 2266 Tum
1607 2227 1722 2281 leges

114 2285 254 2326 Julias
289 2291 437 2327 contra
472 2286 657 2341 auspicia
691 2285 802 2328 latas
839 2290 882 2327 et
917 2287 984 2328 hic
1017 2292 1061 2328 et
1099 2288 1141 2328 in
1174 2290 1441 2331 contionibus
1474 2291 1638 2341 dicere;
1678 2291 1721 2332 in

160 2436 211 2465 22.
236 2434 465 2474 violarifacile
484 2434 661 2473 patiuntur
677 2457 685 2464 .
702 2455 710 2463 .
728 2456 734 2464 .
753 2433 894 2472 diqm'ta-
940 2443 1030 2473 army
1041 2434 1093 2464 did
1109 2434 1221 2465 invade
1234 2435 1316 2476 Italy
1333 2447 1420 2468 some
1436 2439 1512 2469 time
1527 2439 1617 2477 after,
1629 2441 1721 2471 when

116 2480 240 2517 temque
255 2478 409 2517 violari‚·]
459 2477 628 2507 Markland
646 2476 766 2515 objects
783 2480 816 2506 to
833 2477 896 2506 this
940 2477 980 2506 he
1011 2478 1073 2507 had
1104 2479 1281 2518 conquered
1314 2481 1434 2518 Gallia3
1474 2482 1531 2512 but
1561 2484 1625 2513 this
1655 2485 1722 2514 talk

115 2521 187 2550 that
209 2521 265 2550 the
288 2531 361 2550 man
385 2522 454 2551 first
481 2521 596 2550 admits
633 2523 682 2549 ‘se
701 2520 809 2549 violari
824 2520 831 2533 ’
856 2520 898 2559 by

117 2564 246 2594 Clodius
261 2576 268 2600 3
292 2564 353 2593 and
365 2565 441 2594 then
452 2564 559 2594 denies
572 2564 642 2593 that
654 2563 702 2593 his
720 2566 727 2579 ⁴
742 2563 877 2602 dignitas
889 2563 896 2576 '

117 2617 175 2636 can
192 2607 288 2636 suffer
312 2606 448 2646 (violari)
472 2607 553 2636 from
578 2607 654 2636 him.
702 2606 823 2636 Gesner
842 2607 898 2635 has

118 2650 166 2679 his
198 2660 329 2685 answer,
357 2650 459 2679 which
482 2650 508 2679 is
536 2654 591 2679 not
622 2650 723 2679 worth
753 2650 898 2688 coming.

118 2692 320 2722 Markland’s
339 2692 496 2730 objection
521 2703 593 2732 may
609 2693 648 2722 be
671 2693 751 2732 good
777 2703 812 2722 or
828 2693 899 2722 bad.

119 2735 188 2764 The
212 2735 340 2764 student
356 2735 418 2764 will
441 2736 506 2764 find
530 2736 709 2774 something
724 2740 757 2765 to
773 2736 901 2772 admire,

120 2778 146 2807 if
159 2777 199 2806 he
215 2778 277 2807 will
294 2782 344 2816 try
360 2778 409 2807 his
426 2788 495 2807 own
519 2778 604 2807 hand
620 2788 661 2808 on
678 2779 733 2808 the
757 2789 899 2818 passage.

120 2820 190 2850 The
214 2824 362 2849 sentence
380 2824 387 2836 ⁴
399 2822 506 2860 Atque
529 2831 568 2850 ex
590 2821 649 2851 hac
663 2820 670 2834 ’
696 2832 797 2852 seems
813 2826 847 2852 to
865 2822 902 2852 be

121 2863 155 2893 in
172 2873 259 2892 some
275 2863 424 2893 disorder.

167 2907 346 2936 emere-itum
387 2907 419 2936 C.
458 2906 631 2946 Caesaris,]
692 2907 751 2937 See
794 2908 902 2941 Quum

943 2521 1040 2550 about
1075 2521 1100 2550 it
1134 2522 1160 2551 is
1190 2522 1417 2554 absurd.—‘in
1457 2536 1520 2564 quo
1559 2526 1686 2556 fallebat
1701 2526 1720 2556 :’

945 2563 1119 2593 Lambinus
1143 2574 1212 2603 says
1228 2565 1298 2595 that
1315 2576 1359 2596 we
1376 2571 1462 2597 must
1484 2569 1544 2598 add
1563 2572 1569 2584 ‘
1582 2569 1721 2605 111111105,1

943 2607 1046 2636 which
1074 2607 1099 2636 is
1123 2611 1180 2636 not
1203 2608 1235 2637 in
1263 2619 1357 2648 many
1381 2611 1415 2640 of
1435 2611 1490 2640 the
1514 2612 1610 2641 MSS.
1657 2613 1723 2642 But

944 2650 1079 2689 perhaps
1105 2651 1130 2679 it
1153 2651 1179 2679 is
1205 2651 1237 2680 in
1262 2661 1355 2681 none.
1403 2653 1583 2683 ‘Fallebat'
1612 2655 1637 2684 is
1668 2656 1723 2685 the

946 2703 1030 2722 same
1047 2703 1080 2722 as
1098 2693 1201 2722 ‘lied'
1251 2694 1308 2723 Sec
1326 2695 1385 2724 Pro
1404 2696 1515 2731 Sestio,
1530 2707 1556 2726 e.
1578 2699 1625 2733 16,
1647 2699 1695 2733 17.

989 2738 1041 2766 23.
1067 2737 1148 2774 leyes
1173 2737 1297 2775 Julius]
1360 2738 1429 2767 The
1460 2739 1561 2777 Leges
1591 2741 1723 2771 enacted

945 2779 977 2809 in
1002 2779 1143 2808 Caesar’s
1171 2780 1363 2819 consulship,
1396 2790 1460 2811 ΒΛ).
1492 2784 1542 2812 59.
1592 2784 1650 2812 See
1674 2785 1724 2814 De

947 2823 1063 2857 Domo,
1074 2833 1100 2851 c.
1114 2824 1215 2852 15.--6
1223 2833 1332 2852 caecus
1343 2825 1481 2853 amentia
1491 2835 1555 2853 non
1566 2826 1692 2856 videbat
1702 2827 1721 2856 :’

947 2866 987 2895 he
1004 2869 1089 2895 must
1112 2865 1190 2895 have
1207 2865 1285 2895 been
1303 2870 1394 2896 stone
1411 2866 1508 2902 blind,
1524 2868 1551 2897 if
1570 2869 1610 2898 he
1632 2870 1724 2900 could

948 2914 1004 2938 not
1017 2918 1068 2938 see
1083 2909 1219 2938 that.—‘
1234 2909 1273 2939 de
1286 2910 1370 2939 caclo
1384 2932 1390 2939 .
1410 2932 1417 2939 .
1436 2933 1443 2940 .
1461 2915 1616 2941 servasset
1628 2912 1647 2941 :’
1673 2923 1724 2944 see

124 2948 265 2986 Senatui,
282 2959 308 2979 c.
338 2950 394 2986 133
418 2949 473 2980 the
499 2960 588 2990 army
611 2950 713 2990 again.
760 2950 904 2982 Caesar’s
949 2952 999 2982 De
1016 2952 1133 2990 Domo,
1150 2962 1176 2983 c.
1197 2953 1246 2990 15,
1264 2955 1336 2984 note
1353 2963 1395 2983 on
1412 2956 1419 2970 ⁶
1433 2953 1482 2984 lex
1500 2954 1641 2986 curiata.’
