2063 3242
363 156 416 195 ΞΟ
756 154 934 197 ORAT.
968 155 1003 197 Ι.
1038 155 1104 196 IN
1137 155 1186 196 L.
1210 154 1563 197 CATILINAM

364 268 561 309 dicebas?
623 268 747 321 Quid,
775 284 903 324 quum
931 274 973 311 te
1007 269 1241 310 Praeneste
1277 269 1481 310 Kalendis
1513 268 1615 323 ipsis
1649 268 1957 311 Novembribus

364 339 665 388 occupaturum
687 339 895 375 nocturno
918 335 1073 389 inipetu
1097 349 1188 374 esse
1212 334 1454 382 confideres,
1473 333 1693 374 sensistine
1715 334 1826 374 illam
1848 335 1958 375 colo-

363 399 475 438 niam
497 414 588 439 meo
607 400 742 453 jussu,
772 399 914 454 [meis]
939 399 1168 454 praesidiis,
1189 399 1391 439 custodiis
1413 399 1689 455 vigiliis[que]
1715 415 1804 441 esse
1825 401 1958 440 muni-

362 464 478 504 tam?
523 464 637 504 Nihil
659 465 760 519 agis,
781 464 880 504 nihil
900 464 1068 512 moliris,
1088 464 1188 504 nihil
1211 464 1388 519 cogitas,
1408 465 1519 519 quod
1540 480 1622 505 non
1640 480 1718 520 ego
1735 481 1818 507 non
1834 466 1958 506 modo

362 529 540 579 audiam,
586 530 659 570 sed
701 530 828 571 etiam
864 530 1028 570 videam
1068 529 1272 584 planeque
1313 530 1503 571 sentiam.
1568 530 1649 571 IV.
1685 531 1958 585 Recognosce

362 595 531 635 tandem
553 610 716 635 mecum
738 600 905 635 noctem
926 595 1037 635 illam
1062 595 1340 650 superiorem:
1370 596 1459 650 jam
1491 596 1699 652 intelliges
1729 596 1861 637 multo
1892 610 1958 636 me

361 660 532 714 vigilare
572 661 709 701 acrius
750 661 802 700 ad
843 661 1020 701 salutem
1061 675 1185 715 quam
1221 666 1264 701 te
1300 661 1352 701 ad
1390 661 1615 716 perniciem
1650 661 1708 701 rei
1749 660 1956 715 publicae.

363 724 472 766 Dico
494 730 538 766 te
563 725 687 779 priori
716 730 840 766 nocte
863 724 1023 765 venisse
1051 725 1160 766 inter
1191 725 1395 775 falcarios,
1431 740 1513 765 non
1543 740 1664 781 agam
1697 727 1882 774 obscure,
1915 725 1958 766 in

365 789 428 829 M.
450 790 610 830 Laecae
633 790 825 837 (1011111111;
856 789 1097 830 convenisse
1119 791 1264 831 eodem
1287 790 1521 845 complures
1542 791 1728 845 ejusdem
1750 790 1958 832 amentiae

362 857 612 911 scelerisque
634 856 783 897 socios.
845 856 956 896 Num
978 870 1131 911 negare
1153 857 1307 897 audes?
1355 857 1464 908 Quid
1485 858 1629 897 taces?
1690 857 1955 907 Convincam,

361 922 396 962 si
418 937 559 976 negas.
624 921 765 962 Video
794 921 902 962 enim
933 935 1023 961 esse
1054 921 1119 962 hic
1148 921 1190 961 in
1221 926 1370 962 senatu
1392 922 1591 976 quosdam
1614 921 1684 977 qui
1705 926 1845 963 tecum
1875 936 1959 962 una

361 987 542 1028 fuerunt.
607 986 642 1027 O
679 986 734 1026 dii
770 986 1053 1026 immortales!
1098 987 1265 1027 ubinam
1298 987 1488 1041 gentium
1526 1001 1679 1038 sumus,
1715 1002 1838 1042 quam
1869 1002 1958 1027 rem

361 1052 569 1106 publicam
591 1052 802 1101 habemus,
838 1051 878 1090 in
910 1066 989 1106 qua
1017 1052 1118 1092 urbe
1140 1052 1344 1092 vivimus?
1405 1051 1503 1102 Hic,
1527 1052 1593 1093 hic
1615 1056 1724 1103 sunt,
1749 1052 1790 1092 in
1811 1057 1957 1094 nostro

361 1132 545 1166 numero,
571 1122 712 1171 pat-res
744 1116 985 1171 conscripti,
1019 1116 1060 1156 in
1089 1117 1168 1157 hoc
1195 1117 1309 1158 orbis
1339 1122 1477 1158 terrae
1504 1117 1768 1158 sanctissimo
1799 1117 1957 1173 gravis-

360 1182 548 1236 simoque
572 1182 757 1231 consilio,
783 1181 851 1236 qui
873 1182 923 1222 de
945 1186 1090 1222 nostro
1113 1183 1299 1223 omnium
1322 1183 1506 1233 interitu,
1535 1183 1604 1237 qui
1626 1183 1676 1223 de
1697 1183 1821 1237 hujus
1842 1183 1958 1224 urbis

358 1252 484 1302 atque
512 1248 617 1287 adeo
650 1247 702 1287 de
734 1247 846 1287 orbis
880 1253 1086 1288 terrarum
1120 1248 1249 1289 exitio
1289 1248 1491 1303 cogitent.
1556 1248 1698 1288 Hosce
1731 1263 1808 1303 ego
1838 1248 1958 1289 video

363 1310 546 1366 [consul]
579 1317 621 1352 et
644 1313 694 1353 de
717 1327 762 1352 re
785 1312 951 1366 publica
972 1313 1226 1354 sententiam
1259 1328 1376 1367 rogo,
1410 1319 1454 1354 et
1485 1328 1588 1368 quos
1619 1313 1726 1353 ferro
1758 1313 1960 1354 trucidari

359 1378 592 1431 oportebat,
629 1393 699 1418 eos
733 1378 917 1418 nondum
940 1393 1040 1418 voce
1062 1379 1242 1419 vulnero.
1307 1379 1446 1419 Fuisti
1478 1378 1607 1433 igitur
1637 1379 1748 1434 apud
1780 1378 1960 1420 Laecam

358 1442 426 1482 illa
448 1448 582 1490 nocte,
609 1442 814 1483 Catilina:
850 1443 1100 1484 distribuisti
1122 1450 1263 1499 partes
1288 1443 1459 1485 Italiae:
1490 1443 1691 1491 statuisti,
1716 1459 1796 1499 quo
1819 1459 1960 1499 quem-

361 1524 440 1563 que
484 1509 687 1564 proficisci
729 1509 940 1564 placeret,
989 1509 1181 1564 delegisti
1214 1525 1318 1565 quos
1357 1510 1515 1550 Romae
1552 1509 1820 1563 relinqueres,
1854 1524 1959 1564 quos

359 1580 498 1615 tecum
521 1575 747 1621 educeres;
785 1574 1044 1629 descripsisti
1066 1575 1179 1615 urbis
1201 1580 1343 1629 partes
1365 1575 1417 1614 ad
1446 1575 1664 1622 incendia3
1700 1574 1957 1615 confirmasti

357 1644 400 1679 te
422 1640 556 1694 ipsum
575 1641 661 1693 jam
684 1654 775 1680 esse
797 1639 1003 1680 exiturum
1023 1658 1033 1685 ς
1071 1640 1214 1680 dixisti
1235 1641 1462 1695 paullulum
1484 1639 1561 1681 tibi
1584 1654 1674 1679 esse
1697 1640 1822 1681 etiam
1845 1655 1955 1681 nunc

357 1720 497 1745 morae
520 1706 629 1759 quod
652 1720 728 1759 ego
753 1705 944 1745 viverem.
1007 1705 1181 1760 Reperti
1206 1710 1306 1747 sunt
1328 1706 1409 1746 duo
1432 1705 1594 1760 equites
1617 1705 1796 1745 Romani
1819 1705 1888 1760 qui
1910 1709 1955 1746 te

359 1769 439 1809 ista
462 1784 561 1810 cura
582 1769 819 1817 liberarent,
853 1775 895 1809 et
926 1785 1017 1811 sese
1048 1770 1117 1810 illa
1148 1770 1238 1825 ipsa
1270 1775 1394 1811 nocte
1427 1770 1564 1825 paullo
1598 1776 1696 1811 ante
1724 1771 1859 1811 lucem
1887 1785 1954 1812 nie

402 1892 592 1931 Praeneste]
642 1892 710 1922 The
737 1892 845 1931 design
872 1895 906 1921 to
932 1894 1011 1922 seize
1038 1894 1131 1923 Prae-

357 1939 448 1964 neste
466 1935 669 1975 (Palestrina)
688 1936 713 1964 is
737 1939 793 1965 not
815 1936 993 1965 mentioned
1016 1936 1056 1975 by
1072 1947 1133 1976 any

358 1978 449 2007 other
477 1979 588 2008 writer.
636 1978 803 2007 Praeneste
827 1989 889 2007 was
913 1989 953 2008 on
977 1980 1030 2008 the
1058 1980 1133 2018 high

358 2021 431 2050 land
449 2022 625 2050 south-cast
642 2021 677 2050 of
692 2022 802 2057 Rome,
820 2022 879 2051 and
894 2032 911 2051 a
925 2026 1033 2061 strong
1048 2023 1131 2061 posi-

357 2065 434 2093 tion.
485 2064 514 2093 It
531 2064 556 2092 is
573 2068 627 2092 not
645 2064 757 2093 known
774 2065 864 2093 when
887 2065 1053 2094 Praeneste
1070 2076 1132 2095 was

357 2107 448 2136 made
460 2117 478 2135 a
492 2111 498 2122 ⁴
512 2106 656 2142 col‹›11ia,'
669 2107 725 2136 but
738 2108 761 2136 it
775 2118 836 2136 was
849 2108 1001 2146 probably
1018 2108 1131 2138 Sulla’s

356 2149 442 2178 work
461 2149 526 2188 (De
552 2150 632 2187 Lege
651 2151 787 2188 Agraria,
806 2151 836 2179 ii.
854 2161 880 2179 c.
898 2153 950 2180 28.
967 2151 1038 2180 Vol.
1058 2151 1131 2191 ΙΙ.).

401 2193 485 2231 quod
500 2203 559 2221 ἰιοη
579 2193 840 2232 (ῃο-ψεθηίὶαηιῧ
875 2193 953 2223 Τ1115
966 2195 990 2223 15
1006 2194 1131 2224 Halm's

357 2236 535 2274 conjecture
563 2236 593 2264 in
621 2236 708 2274 place
735 2236 769 2264 of
790 2236 844 2265 the
871 2237 998 2275 reading
1024 2238 1129 2277 ‘quod

356 2288 413 2317 ego
446 2288 508 2307 non
537 2278 651 2311 modost
677 2282 709 2308 to
734 2279 833 2308 which
862 2279 902 2308 he
927 2290 987 2309 was
1013 2280 1063 2310 led
1089 2280 1130 2320 by

356 2320 486 2359 Madvig
502 2321 672 2360 proposing
688 2326 720 2350 to
736 2322 809 2351 read
828 2326 834 2338 ⁴
850 2322 924 2361 quin
942 2322 1021 2361 ego)
1060 2323 1129 2353 The

356 2365 502 2401 negation
531 2363 633 2392 ‘non’
661 2364 739 2393 after
766 2364 891 2404 ‘quod,'
920 2375 990 2404 says
1020 2366 1126 2402 Halm,

355 2407 582 2446 comprehends
614 2407 668 2436 the
695 2407 796 2436 whole
823 2408 859 2436 of
885 2407 939 2437 the
970 2408 1129 2447 following

355 2450 479 2486 clause;
508 2450 553 2478 for
578 2450 675 2478 ‘nihil
700 2451 783 2489 quod
807 2450 889 2479 non'
915 2451 941 2480 is
965 2451 1019 2481 the
1043 2462 1128 2481 sanie

354 2503 388 2522 as
406 2492 550 2522 ‘omnia’
598 2493 638 2521 So
655 2503 700 2521 we
716 2497 800 2522 must
819 2493 969 2523 translate
988 2494 1042 2523 the
1058 2505 1127 2533 pas-

355 2545 444 2574 sage:
485 2538 503 2552 “
517 2535 620 2564 Thero
654 2536 680 2564 15
717 2536 848 2573 nothing
885 2536 954 2565 that
984 2547 1045 2575 you
1076 2537 1126 2572 do,

354 2579 487 2615 nothing
501 2578 567 2607 that
581 2588 640 2617 you
655 2578 738 2616 plan,
753 2589 814 2617 you
831 2579 921 2607 think
935 2579 971 2607 of
983 2580 1126 2617 nothing,

354 2622 423 2651 that.
442 2622 455 2650 I
473 2622 512 2650 (10
535 2625 599 2653 not.
620 2621 633 2649 I
655 2622 693 2649 do
714 2627 767 2650 not
786 2632 838 2660 say
864 2621 950 2657 hear,
969 2622 1025 2650 but
1050 2633 1126 2651 even

354 2675 404 2693 500
421 2664 481 2693 and
499 2664 615 2703 plainly
632 2663 808 2702 psa-‹rcivef’
843 2664 880 2692 In
895 2674 981 2693 501110
992 2665 1126 2693 editions

352 2708 377 2737 it
398 2707 444 2736 is:
475 2711 493 2723 ‘⁴
509 2707 601 2740 Quod
626 2717 682 2744 ego
708 2717 769 2735 non
795 2707 887 2735 modo
912 2717 974 2735 non
991 2708 1126 2742 audiam,

353 2751 404 2779 scd
430 2751 524 2779 ctiam
550 2760 611 2778 non
636 2749 756 2778 vidi-am
779 2750 932 2788 planeque
950 2752 1080 2779 sentiam
1096 2750 1126 2786 ;'’

352 2793 451 2821 which
475 2793 500 2822 is
520 2793 587 2831 just
610 2793 664 2821 the
688 2796 830 2830 contrary
852 2798 882 2821 to
899 2793 951 2821 1110
971 2793 1125 2831 meaning.

354 2836 526 2865 Lambinus
538 2846 608 2875 says
621 2835 770 2865 “videtur
783 2835 949 2873 legendum
964 2845 1024 2865 non
1037 2837 1126 2865 modo

353 2888 413 2907 uon
430 2879 570 2915 antliam,
587 2879 729 2919 quamvis
745 2879 916 2908 reclament
932 2889 1040 2909 omncs
1056 2878 1126 2908 libri

1177 1896 1209 1923 et
1219 1894 1335 1933 vulgati
1346 1898 1377 1924 et
1388 1893 1508 1923 MSS.”
1525 1894 1588 1924 But
1598 1894 1623 1923 it
1633 1895 1659 1924 is
1670 1904 1704 1924 so
1714 1895 1746 1924 in
1758 1904 1845 1924 501110
1855 1894 1952 1926 MSS.

1219 1939 1249 1967 4.
1276 1937 1558 1976 intersalcarios,]
1591 1941 1597 1954 ‘
1612 1937 1649 1967 In
1667 1938 1721 1967 the
1738 1941 1835 1967 street
1850 1938 1884 1967 of
1898 1938 1952 1968 the

1177 1979 1427 2015 hook-makers,'
1452 1991 1485 2010 as
1510 1981 1645 2010 Priscian
1669 1981 1810 2020 explains
1832 1982 1867 2018 it,
1889 1981 1952 2011 and

1178 2023 1325 2052 Muretus
1341 2023 1403 2052 and
1421 2023 1604 2052 Lambinus.

1220 2076 1281 2095 mm
1299 2077 1390 2105 aqam
1408 2066 1566 2105 obscura]
1596 2069 1603 2082 ⁴
1619 2067 1634 2096 I
1651 2067 1713 2096 will
1730 2066 1825 2105 speak
1842 2066 1954 2106 plain.'

1176 2109 1306 2145 Matius,
1329 2110 1360 2138 in
1378 2120 1395 2139 a
1411 2110 1503 2139 letter
1524 2113 1557 2139 to
1575 2109 1694 2145 Cicero,
1713 2110 1762 2139 Ad
1787 2110 1874 2139 Fam.
1894 2109 1951 2150 (xi.

1176 2154 1245 2190 28),
1263 2162 1332 2191 says
1349 2156 1355 2168 ¹
1368 2152 1421 2182 sed
1438 2163 1501 2182 non
1518 2163 1607 2191 agam
1624 2152 1748 2182 astute!

1220 2195 1258 2224 de
1274 2198 1381 2225 nostro
1399 2196 1553 2235 omnium]
1582 2195 1675 2225 Some
1692 2195 1787 2225 MSS.
1801 2195 1881 2225 have
1894 2198 1901 2212 ‘
1913 2195 1952 2226 de

1175 2248 1244 2267 meo
1264 2239 1469 2277 omniumque
1490 2238 1643 2268 interitu.y
1691 2242 1697 2254 ‘
1711 2239 1760 2268 De
1784 2248 1854 2268 meo
1876 2248 1952 2269 nos-

1174 2283 1322 2320 trumque
1342 2282 1482 2311 omnium
1508 2281 1658 2316 interitu,⁷
1689 2281 1813 2316 Lamb.,
1839 2281 1950 2319 Orelli,

1174 2327 1181 2340 ‘
1193 2327 1303 2353 contra
1319 2324 1421 2353 codd.y
1447 2323 1586 2363 (Halm.)
1633 2324 1735 2354 There
1751 2325 1777 2354 is
1788 2334 1805 2353 a
1821 2324 1951 2364 reading

1174 2366 1233 2395 ‘de
1257 2370 1402 2396 nostrum
1422 2367 1563 2396 omnium
1591 2366 1749 2403 interitu3'
1777 2367 1834 2397 but
1856 2371 1950 2398 ‘nos-

1172 2412 1221 2438 tro
1238 2410 1377 2439 omnium
1392 2409 1399 2422 '
1417 2410 1443 2439 is
1459 2410 1513 2439 the
1529 2410 1664 2448 genuine
1680 2411 1872 2449 expression.

1216 2452 1278 2481 dno
1295 2453 1429 2492 equites]
1479 2453 1550 2482 One
1574 2453 1609 2481 of
1627 2453 1714 2482 them
1731 2464 1794 2482 was
1816 2454 1852 2484 C.
1870 2453 1948 2483 Cor-

1172 2494 1282 2531 nelius,
1298 2495 1367 2525 who
1384 2495 1409 2524 is
1427 2495 1605 2524 mentioned
1622 2496 1653 2525 iu
1676 2496 1730 2525 the
1747 2497 1868 2526 oration
1888 2496 1947 2526 Pro

1173 2538 1269 2572 Sulla,
1287 2547 1312 2566 c.
1330 2540 1360 2567 6.
1406 2538 1474 2567 The
1491 2538 1582 2567 other
1598 2539 1623 2567 is
1639 2538 1752 2568 named
1773 2539 1813 2578 by
1832 2539 1949 2570 Sallust

1173 2579 1257 2618 (Cat.
1292 2590 1318 2610 c.
1351 2581 1417 2619 2¹8),
1455 2584 1462 2597 ¹
1479 2581 1514 2610 L.
1548 2581 1759 2619 Vargunteius
1798 2581 1947 2612 senator]

1173 2623 1257 2651 Dion
1283 2624 1406 2653 Cassius
1432 2623 1497 2662 (37.
1519 2634 1544 2653 c.
1565 2626 1620 2657 32)
1648 2625 1760 2663 simply
1785 2635 1855 2664 says
1878 2625 1948 2656 that

1172 2669 1233 2694 two
1251 2676 1320 2694 111011
1339 2666 1512 2695 undet-took
1527 2671 1559 2695 to
1577 2667 1702 2696 1111111101·
1719 2668 1837 2697 (sivero.
1873 2668 1946 2698 Plu-

1172 2708 1258 2736 tarch
1289 2708 1422 2747 (Cicero,
1451 2719 1476 2738 (⁸.
1504 2709 1554 2748 115)
1580 2720 1688 2738 names
1718 2711 1856 2740 Marcius
1882 2711 1945 2741 and

1173 2751 1548 2791 (3(’111(·1;115;1101110001.
1561 2752 1804 2791 (Ῐ.11.3)111111105
1816 2754 1849 2783 P.
1862 2754 1944 2783 Len-

1172 2794 1257 2822 tulus
1274 2794 1333 2823 and
1359 2795 1527 2833 Cethegus,
1542 2795 1617 2824 both
1635 2796 1670 2824 of
1687 2796 1771 2825 1110111
1790 2801 1942 2835 praetors,

1172 2836 1229 2865 but
1258 2836 1333 2875 they
1363 2848 1446 2867 seem
1478 2842 1510 2866 to
1541 2838 1619 2867 haro
1649 2839 1846 2870 confounded
1881 2842 1943 2870 two

1172 2879 1276 2918 things
1294 2879 1437 2920 (Sallust,
1453 2891 1479 2910 c.
1497 2882 1548 2910 28.
1566 2881 1633 2921 43).
