2002 3235
0 1590 2 1700 l

0 1701 3 1797 l

4 2398 7 2483 ι

754 182 890 224 CAP.
924 184 989 234 20,
1026 185 1093 224 21.
1645 190 1724 229 381

121 295 258 336 Roma
279 294 543 345 decessisset,
567 295 833 337 consulatum
859 296 897 337 ei
918 301 1063 352 petere
1098 296 1259 347 liceret,
1283 312 1411 353 quum
1435 300 1575 341 factus
1600 306 1725 351 esset,

119 359 372 416 provinciam
407 360 573 416 Syriam
609 361 833 413 obtineret,
870 362 1067 416 quoniam
1103 363 1154 404 de
1186 377 1269 404 uno
1306 364 1475 406 homine
1508 365 1725 416 scriberes,

118 440 202 467 una
222 441 290 467 res
310 432 423 468 esset
440 428 453 467 ἕ
515 426 637 478 Quod
654 428 688 468 si
706 428 795 483 jam
815 429 994 483 populus
1015 429 1234 470 Romanus
1255 430 1305 470 de
1334 430 1417 471 ista
1437 445 1481 471 re
1511 430 1729 472 consultus

119 497 245 542 esset,
269 496 312 533 et
346 507 430 533 non
463 492 602 533 omnia
638 508 711 548 per
739 508 881 535 servos
913 495 1182 551 latronesque
1218 496 1435 550 gessisses,
1476 511 1615 538 nonne
1639 496 1730 538 fieri

118 562 289 613 poterat
319 563 368 599 ut
392 558 544 614 populo
567 559 618 599 de
651 558 805 614 Cyprio
837 574 936 615 rege
957 560 1154 615 placeret,
1188 562 1238 602 de
1264 562 1479 602 exsulibus
1511 561 1730 616 Byzantiis

119 623 389 678 displiceret?
450 623 565 676 Quae
596 629 672 674 est,
708 639 878 680 quaeso,
911 626 994 666 alia
1028 626 1102 677 vis,
1131 641 1238 681 quae
1274 627 1486 668 sententia
1523 627 1730 669 Caeciliae

119 689 225 743 legis
266 693 309 730 et
350 690 502 730 Didiae
538 689 618 731 nisi
659 691 776 741 haec,
820 706 872 732 ne
912 692 1065 747 populo
1106 707 1279 733 necesse
1319 692 1375 733 sit
1415 692 1457 733 in
1495 693 1731 747 conjunctis

119 755 245 795 rebus
280 755 563 811 compluribus
592 761 668 798 aut
703 755 746 797 id
779 757 890 812 quod
920 757 1027 799 nolit
1062 757 1267 813 accipere,
1300 763 1376 800 aut
1411 758 1454 799 id
1485 759 1598 814 quod
1630 759 1730 801 velit

119 820 367 875 repudiare?

180 886 301 939 Quid,
341 887 376 928 si
408 903 483 943 per
513 888 596 929 vim
626 888 774 940 tulisti,
811 895 1007 931 tamenne
1039 890 1107 930 lex
1139 891 1232 932 est?
1272 895 1346 932 aut
1377 891 1603 948 quidquam
1633 892 1729 947 jure

119 956 288 1008 gestum
309 952 438 993 videri
460 958 604 1009 potest
625 954 735 1010 quod
757 970 831 1009 per
851 954 934 996 vim
959 960 1129 1010 gestum
1150 970 1242 996 esse
1271 961 1438 997 constet
1456 957 1469 997 ἕ
1530 957 1602 998 An
1631 956 1665 997 si
1688 957 1730 997 in

118 1018 209 1073 ipsa
230 1017 385 1060 latione
415 1024 491 1060 tua
520 1024 646 1075 capta
659 1019 752 1074 jam
773 1021 876 1061 urbe
907 1020 1068 1076 lapides
1095 1021 1215 1075 jacti,
1238 1021 1273 1061 si
1293 1035 1442 1062 manus
1464 1022 1616 1063 collata
1642 1037 1729 1063 non

119 1089 198 1132 est,
221 1083 377 1125 idcirco
399 1089 446 1126 tu
466 1085 521 1125 ad
542 1085 653 1125 illam
675 1085 812 1126 labem
833 1090 960 1141 atque
989 1085 1166 1127 eluviem
1188 1086 1373 1128 civitatis
1394 1087 1482 1128 sine
1505 1102 1669 1129 summa
1690 1087 1729 1129 vi

118 1149 333 1204 pervenire
353 1150 561 1205 potuisti?
624 1149 765 1192 XXI.
801 1151 939 1203 Quum
961 1151 1003 1192 in
1024 1151 1225 1193 tribunali
1244 1152 1418 1194 Aurelio
1434 1153 1729 1194 conscribebas

118 1213 257 1270 palam
284 1230 368 1256 non
398 1216 524 1256 modo
554 1215 719 1267 liberos,
753 1216 827 1257 sed
858 1216 988 1257 etiam
1022 1231 1178 1268 sei-VOS,
1203 1233 1256 1259 ex
1286 1218 1479 1259 omnibus
1500 1219 1600 1259 vicis
1632 1233 1730 1259 con-

119 1279 286 1329 citatos,
309 1281 391 1321 vim
416 1286 508 1323 tum
529 1281 723 1323 videlicet
754 1297 837 1323 non
866 1283 1077 1337 parabas?
1139 1282 1277 1334 Quum
1308 1283 1459 1325 edictis
1480 1284 1565 1325 tuis
1591 1285 1730 1324 taber-

119 1359 196 1386 nas
224 1346 357 1386 claudi
390 1347 584 1401 jubebas,
614 1362 698 1387 non
720 1347 803 1388 vim
836 1347 1056 1402 imperitae
1084 1348 1378 1398 multitudinis,
1402 1349 1476 1390 sed
1515 1349 1728 1390 hominum

119 1411 391 1454 honestorum
430 1413 681 1454 modestiam
718 1413 1068 1469 prudentiamque
1110 1415 1369 1468 quaerebas?
1431 1416 1571 1468 Quum
1610 1430 1728 1469 arma

119 1476 161 1517 in
192 1478 339 1518 aedem
371 1478 560 1519 Castoris
594 1480 904 1534 comportabas,
943 1479 1044 1520 nihil
1076 1479 1189 1520 aliud
1222 1480 1301 1520 nisi
1337 1480 1400 1522 uti
1436 1496 1487 1521 ne
1521 1480 1621 1536 quid
1654 1495 1729 1536 per

119 1542 203 1584 vim
234 1543 304 1598 agi
340 1548 485 1598 posset
518 1544 844 1585 machinabar-e?
905 1545 1044 1597 Quum
1075 1559 1172 1586 vero
1208 1546 1364 1600 gradus
1402 1546 1592 1587 Castoris
1626 1561 1728 1587 con-

119 1608 271 1650 vellisti
301 1623 350 1649 ac
381 1609 606 1660 removisti,
640 1614 744 1659 tum,
778 1615 827 1650 ut
857 1610 1050 1651 modeste
1081 1610 1158 1651 tibi
1189 1625 1314 1665 agere
1345 1611 1505 1660 liceret,
1538 1611 1729 1653 homines

118 1675 301 1715 audaces
322 1675 375 1715 ab
405 1675 494 1730 ejus
519 1675 664 1730 templi
686 1674 804 1715 aditu
826 1680 954 1730 atque
976 1690 1154 1716 ascensu
1175 1676 1420 1731 reppulisti?
1482 1676 1620 1728 Quum
1641 1691 1725 1728 eos,

119 1740 189 1795 qui
207 1744 416 1781 conventu
432 1740 614 1781 virorum
636 1741 841 1780 bonorum
863 1741 989 1782 verba
1011 1741 1062 1782 de
1084 1742 1219 1782 salute
1242 1756 1335 1782 mea
1355 1741 1558 1791 fecerant,
1582 1742 1729 1783 adesse

114 1805 292 1860 jussisti,
328 1820 555 1861 eorumque
585 1806 904 1847 advocationem
932 1806 1137 1855 manibus,
1174 1807 1298 1856 ferro,
1328 1807 1537 1862 lapidibus
1572 1808 1729 1848 discus-

118 1870 224 1920 sisti,
248 1876 339 1911 tum
365 1871 556 1926 profecto
585 1871 811 1913 ostendisti
833 1872 915 1913 vim
947 1871 1023 1912 tibi
1056 1872 1238 1912 maxime
1268 1872 1502 1928 displicere.
1566 1872 1730 1914 Verum

120 1936 223 1976 haec
239 1936 396 1977 furiosa
417 1937 477 1977 vis
498 1937 640 1978 vesani
662 1937 819 1979 tribuni
840 1937 973 1993 plebis
995 1937 1116 1978 facile
1138 1937 1326 1992 superari
1348 1938 1568 1993 frangique
1591 1938 1730 1994 potuit

119 2001 303 2043 virorum
334 2001 538 2042 bonorum
568 2003 632 2043 vel
663 2002 818 2044 virtute
850 2003 914 2043 vel
944 2002 1227 2044 multitudine.
1292 2002 1414 2056 Quid,
1450 2018 1578 2058 quum
1601 2004 1730 2045 Gabi-

167 2115 263 2144 quum
294 2105 397 2134 Roma
433 2105 644 2144 decessissem
708 2105 816 2135 Baiter
846 2105 903 2135 has
948 2105 1026 2141 Lex,
1043 2105 1105 2135 and
1128 2105 1203 2135 thus
1222 2105 1247 2135 it
1261 2105 1366 2135 would
1385 2115 1467 2136 seem
1494 2108 1527 2135 to
1551 2106 1590 2136 be
1617 2117 1656 2136 an
1680 2107 1728 2137 in-

124 2151 132 2166 ‘
148 2148 292 2184 Romae,’
323 2148 381 2177 but
408 2147 448 2177 he
487 2148 593 2177 marks
624 2149 678 2178 the
708 2158 840 2187 passage
869 2158 903 2178 as

121 2195 260 2231 corrupt.
287 2191 439 2221 Garatoni
451 2194 547 2221 wrote
561 2191 736 2221 ‘Romam.’
762 2192 904 2221 Momm-

121 2244 177 2265 sen
213 2244 364 2274 proposes
404 2234 521 2264 ‘redux
559 2233 660 2264 esset’
692 2234 740 2264 for
773 2237 780 2251 ⁴
794 2234 900 2264 deces-

120 2278 235 2308 sisset!

159 2322 282 2360 populo
301 2344 308 2351 .
328 2343 335 2350 .
355 2343 363 2350 .
383 2321 568 2360 displiceret
582 2320 613 2359 ‚7]
662 2319 905 2350 Wolfobserves

122 2364 193 2394 that
209 2374 250 2394 no
268 2364 393 2394 Roman
404 2374 476 2394 ever
492 2364 569 2399 said,
581 2373 615 2393 so
629 2363 675 2392 far
686 2372 719 2393 as
731 2364 771 2393 he
784 2363 904 2397 knows,

122 2411 143 2424 ‘⁴
160 2408 302 2444 Senatui,
338 2407 468 2447 populo,
507 2407 652 2446 displicet
687 2407 726 2436 de
762 2407 821 2435 hac
857 2406 905 2435 vel

121 2450 176 2480 illa
190 2450 260 2480 re.’'
305 2450 412 2480 Those
427 2451 498 2480 who
515 2450 667 2479 maintain
681 2450 735 2479 the
751 2449 903 2489 genuine-

122 2503 194 2523 ness
216 2494 252 2524 of
265 2493 328 2523 this
349 2494 473 2523 oration
502 2497 587 2523 must
612 2493 677 2522 find
703 2493 757 2522 the
783 2503 904 2522 answer

122 2539 156 2566 to
175 2537 238 2567 this
262 2537 432 2576 objection.
480 2537 576 2566 Klotz
601 2536 676 2566 does
701 2539 758 2566 not
783 2545 904 2566 answer

122 2580 158 2609 it.

168 2622 311 2662 quaeso,]
370 2622 448 2653 This
474 2623 500 2653 is
531 2632 550 2652 a
580 2622 755 2652 correction
787 2622 823 2651 of
848 2621 903 2651 the

122 2665 251 2703 reading
268 2664 394 2704 ⁴(1uasi.’

168 2710 200 2738 in
217 2709 395 2746 conjunctis
411 2709 520 2747 rebus]
568 2709 637 2738 The
650 2709 791 2738 Romans
804 2707 902 2737 called

123 2751 149 2780 it
165 2761 183 2780 a
210 2751 279 2780 ‘lex
304 2751 434 2787 satura‚'
459 2751 549 2780 nhen
573 2762 668 2790 many
692 2752 799 2790 things
823 2761 903 2780 were

124 2793 378 2832 comprehended
399 2794 432 2822 in
448 2804 507 2823 one
525 2794 601 2823 Lex.
648 2795 717 2824 The
742 2795 807 2823 Lex
825 2794 902 2823 Cae-

124 2837 194 2867 cilia
209 2840 241 2866 et
258 2836 351 2865 Didia
377 2836 494 2866 related
510 2840 543 2866 to
559 2837 615 2866 the
636 2841 643 2854 ⁴
657 2836 902 2872 trinundinum,'

125 2890 152 2909 c.
174 2881 222 2909 16.
271 2879 356 2908 Here
372 2879 397 2908 it
412 2880 438 2908 is
449 2879 514 2908 said
530 2880 599 2909 that
614 2880 639 2909 it
654 2880 720 2910 also
737 2880 903 2909 contained

124 2933 143 2953 a
159 2923 263 2952 clause
281 2923 405 2961 against
421 2923 540 2952 several
563 2923 669 2962 things
686 2923 780 2962 being
795 2924 827 2952 in
844 2933 904 2953 one

949 2152 1056 2178 stance
1073 2148 1109 2178 of
1120 2148 1175 2178 the
1195 2158 1269 2187 very
1285 2149 1421 2188 practice
1437 2149 1538 2179 which
1562 2150 1587 2179 it
1604 2150 1656 2180 did
1672 2154 1730 2181 not

949 2191 1075 2230 permit.
1122 2191 1288 2221 Manutius
1305 2192 1379 2221 tries
1396 2195 1429 2221 to
1445 2192 1571 2232 explain
1583 2192 1658 2230 this,
1672 2193 1731 2224 but

945 2237 1002 2264 not
1018 2234 1232 2273 successfully.

990 2277 1233 2316 lapitlesjactc'‚]
1282 2276 1385 2306 There
1403 2277 1430 2307 is
1455 2288 1473 2307 a
1501 2278 1583 2317 good
1605 2282 1680 2309 note
1696 2279 1732 2310 of

950 2319 1042 2349 Wolf
1068 2319 1163 2349 here:
1200 2320 1383 2359 “intellige,
1411 2321 1438 2350 si
1468 2321 1545 2351 libet
1577 2322 1677 2362 (nam,
1703 2323 1729 2353 si

950 2372 1014 2391 non
1038 2362 1126 2397 libet,
1152 2362 1231 2392 nihil
1256 2366 1287 2392 te
1315 2363 1412 2403 cogit)
1440 2364 1484 2394 ‘si
1507 2364 1628 2404 lapides
1651 2366 1728 2404 jacti

950 2415 1016 2435 non
1043 2404 1139 2435 sunt)
1154 2404 1175 2418 '’
1222 2406 1237 2435 I
1255 2415 1393 2445 suppose
1417 2407 1471 2436 the
1486 2408 1592 2438 writer
1617 2419 1727 2439 means

949 2448 1032 2478 what
1044 2448 1134 2477 &Vols
1146 2458 1227 2487 sayS,
1241 2448 1267 2478 if
1276 2449 1315 2478 he
1327 2449 1382 2479 has
1393 2460 1411 2479 a
1423 2451 1570 2490 meaning
1584 2463 1591 2480 :
1618 2454 1636 2468 ‘⁴
1652 2452 1728 2481 Non

947 2492 1082 2521 affirmat
1098 2491 1153 2521 sed
1165 2495 1259 2530 negat
1271 2491 1289 2504 ”
1308 2491 1571 2533 (Manutius).—‘
1585 2494 1624 2523 ad
1640 2494 1726 2524 illam

947 2534 1050 2564 labem
1078 2538 1174 2573 atque
1203 2535 1370 2564 eluviemz'
1396 2545 1436 2565 on
1464 2536 1566 2566 which
1599 2537 1727 2566 Ernesti

947 2578 1069 2616 acutely
1087 2577 1243 2612 observes,
1262 2577 1332 2607 that
1354 2578 1394 2607 he
1418 2589 1513 2608 never
1539 2579 1623 2609 liked
1650 2580 1725 2616 this,

947 2621 1009 2651 and
1026 2621 1049 2650 it
1066 2620 1121 2649 has
1137 2625 1193 2649 not
1209 2621 1264 2649 the
1281 2620 1465 2650 Ciceronian
1482 2622 1652 2652 character.

992 2665 1044 2694 21.
1068 2664 1220 2702 Aurelio]
1250 2664 1307 2693 See
1325 2664 1385 2693 Pro
1403 2664 1525 2699 Flacco,
1543 2675 1569 2694 c.
1587 2667 1638 2695 28.

998 2708 1114 2737 Verum
1146 2707 1223 2736 haec
1248 2729 1255 2735 .
1281 2728 1288 2735 .
1319 2729 1325 2735 .
1354 2708 1589 2746 mullitudine]
1641 2707 1726 2737 Here

947 2750 1002 2780 the
1014 2750 1187 2779 feebleness
1204 2750 1238 2778 of
1250 2750 1304 2778 the
1320 2750 1424 2778 writer
1438 2750 1463 2778 is
1477 2760 1560 2780 scen.
1608 2750 1659 2780 He
1669 2750 1725 2780 has

948 2793 1028 2823 been
1055 2803 1129 2832 very
1162 2793 1328 2828 sarcastim
1364 2792 1403 2821 he
1434 2792 1490 2821 has
1521 2794 1726 2823 enumerated

949 2847 1043 2876 many
1074 2840 1140 2865 acts
1170 2836 1205 2865 of
1229 2836 1378 2871 violence,
1403 2835 1464 2864 and
1490 2835 1529 2864 hc
1556 2836 1656 2865 ended
1684 2836 1726 2875 by

949 2880 1058 2918 saying
1098 2879 1173 2908 with
1204 2889 1223 2908 a
1252 2880 1315 2908 fine
1351 2878 1451 2917 irony,
1487 2878 1557 2908 that
1591 2879 1632 2908 all
1662 2879 1726 2909 this

949 2923 1067 2963 proved
1090 2921 1231 2952 Clodius'
1256 2921 1367 2951 dislike
1391 2921 1588 2952 ofviolence.
1634 2922 1727 2952 Then
