2002 3235
687 185 822 227 GAP.
859 188 925 236 19,
959 188 1028 227 20.
1593 194 1675 233 503

67 312 247 349 mortem
268 322 460 363 pugnans
481 306 858 362 oppetisses.—De
880 322 962 363 quo
984 313 1040 358 te,
1063 312 1120 360 te,
1144 307 1326 364 inquam,
1350 310 1501 365 patria,
1525 316 1674 364 testor,

67 377 112 415 et
132 387 216 424 VOS,
245 377 421 428 penates
448 372 660 427 patriique
692 372 760 424 dii,
792 388 858 414 me
880 378 1117 415 vestrarum
1143 374 1305 415 sedium
1340 375 1676 432 templorumque

67 452 225 488 caussa,
249 452 315 478 me
345 442 519 493 propter
551 438 732 479 salutem
753 453 942 479 meorum
966 439 1132 489 civium,
1157 454 1265 494 quae
1286 439 1387 480 mihi
1410 454 1576 496 semper
1596 442 1677 484 fuit

65 518 158 544 mea
185 503 321 544 carior
341 503 440 553 vita,
465 503 779 545 dimicationem
809 505 1062 560 caedemque
1090 504 1260 559 fugisse.
1324 505 1496 546 Etenim
1518 506 1552 547 si
1575 507 1676 548 mihi

65 569 107 609 in
128 569 267 624 aliqua
294 584 399 610 nave
430 583 525 610 011111
552 570 656 610 111015
688 569 833 611 amicis
869 570 1085 625 naviganti
1117 571 1208 622 hoc,
1229 570 1408 625 judices,
1436 571 1673 621 accidisset,

65 639 115 676 ut
135 635 256 676 multi
277 649 329 675 ex
348 634 491 675 multis
523 634 625 676 locis
654 636 887 690 praedones
919 635 1124 676 classibus
1156 651 1249 677 eam
1270 651 1418 677 navem
1439 651 1484 677 se
1507 651 1676 691 oppres—

65 715 185 741 suros
217 699 526 749 minitarentur,
563 700 644 741 nisi
676 716 743 741 me
778 716 907 742 unum
942 700 1022 742 sibi
1056 701 1327 752 dedidissent,
1352 701 1387 742 si
1416 702 1458 742 id
1480 706 1676 743 vectores

64 771 269 821 negarent
290 780 339 806 ac
361 779 526 806 mecum
559 765 681 806 simul
708 766 881 807 interire
912 780 1036 821 quam
1067 781 1133 807 me
1164 767 1332 808 tradere
1357 766 1552 808 hostibus
1572 767 1676 808 mal-

63 830 164 879 lent,
183 831 379 885 jecissem
400 831 490 885 ipse
512 845 578 871 me
601 831 742 886 potius
763 831 805 872 in
826 832 1091 887 profundum,
1111 837 1160 874 ut
1182 837 1345 873 ceteros
1367 847 1672 883 conservarem,

65 911 190 951 quam
223 896 314 936 illos
339 896 420 936 mei
451 900 541 936 tam
572 896 745 951 cupidos
773 911 857 937 non
884 897 1009 937 modo
1040 897 1094 937 ad
1117 901 1276 938 certam
1307 902 1500 949 mortem,
1535 899 1610 939 sed
1632 898 1674 938 in

63 976 264 1016 magnum
286 960 396 1001 vitae
429 960 652 1001 discrimen
682 962 949 1002 adducerem.
1013 962 1152 1013 Quum
1174 976 1271 1003 vero
1294 962 1336 1002 111
1357 962 1466 1003 hanc
1488 963 1549 1003 rei
1571 964 1674 1018 pub-

62 1026 166 1067 licae
188 1041 336 1067 navem
358 1026 516 1081 ereptis
537 1026 701 1067 senatui
723 1026 1018 1081 gubernaculis
1048 1026 1286 1068 fluitantem
1310 1027 1351 1067 in
1373 1027 1459 1069 alto
1491 1033 1677 1084 tempes-

63 1091 225 1133 tatibus
261 1091 515 1133 seditionum
542 1106 592 1133 ac
622 1091 925 1133 discordiarum
959 1097 1147 1134 armatae
1183 1098 1252 1134 tot
1288 1093 1455 1143 classes,
1480 1093 1560 1134 nisi
1594 1109 1675 1149 ego

63 1171 199 1198 essem
220 1172 328 1197 unus
349 1157 531 1207 deditus,
548 1156 791 1198 incursurae
813 1158 1066 1208 viderentur,
1085 1173 1211 1213 quum
1228 1158 1494 1213 proscriptio,
1510 1160 1676 1210 caedes,

64 1222 244 1278 direptio
275 1222 606 1272 denuntiaretur,
631 1237 757 1277 quum
778 1222 846 1263 alii
867 1238 934 1264 me
956 1223 1194 1278 suspicione
1215 1224 1390 1279 periculi
1412 1224 1475 1264 sui
1497 1239 1581 1266 non
1603 1226 1673 1265 de-

62 1288 294 1338 fenderent,
318 1288 387 1328 alii
408 1292 549 1328 vetere
571 1287 666 1328 odio
688 1288 895 1328 bonorum
923 1287 1211 1338 incitarentur,
1236 1288 1304 1328 alii
1333 1288 1577 1338 inviderent,
1602 1288 1675 1329 alii

63 1354 233 1394 obstare
266 1353 344 1394 sibi
379 1368 446 1393 me
478 1352 798 1402 arbitrarentur,
834 1353 903 1394 alii
936 1353 1081 1394 ulcisci
1119 1353 1306 1394 dolorem
1340 1353 1521 1408 aliquem⁴
1550 1369 1673 1396 51111111

61 1418 227 1468 vellent,
248 1418 317 1459 alii
334 1433 422 1459 rem
444 1418 577 1472 ipsam
599 1418 809 1473 publicam
830 1423 956 1473 atque
979 1418 1089 1459 hunc
1112 1419 1317 1459 bonorum
1337 1423 1498 1459 statum
1520 1419 1670 1460 otium-

63 1498 143 1539 que
166 1483 355 1524 odissent
376 1488 420 1524 et
441 1483 494 1523 ob
516 1482 642 1523 hasce
664 1497 836 1523 caussas
858 1488 925 1524 tot
947 1488 1119 1538 tamque
1136 1483 1274 1524 varias
1296 1498 1361 1524 me
1382 1499 1510 1524 unum
1525 1484 1671 1539 depos-

63 1554 220 1598 cerent,
244 1549 528 1604 depugnarem
550 1548 692 1603 potius
716 1562 812 1589 cum
840 1562 1001 1589 summo
1032 1563 1115 1589 non
1143 1548 1281 1589 dicam
1302 1549 1443 1599 exitio,
1467 1550 1540 1590 sed
1562 1550 1671 1604 peri-

64 1614 157 1655 culo
196 1619 311 1655 certe
346 1618 484 1655 vestro
521 1613 831 1669 liberorumque
865 1619 1114 1664 vestrorum,
1159 1629 1285 1669 quain
1322 1614 1446 1669 [non]
1482 1615 1524 1655 id
1559 1616 1670 1670 quod

64 1680 257 1722 omnibus
278 1680 550 1735 impendebat
570 1693 678 1720 unus
698 1693 773 1734 pro
796 1679 989 1724 omnibus
1011 1680 1266 1735 susciperem
1288 1694 1336 1721 ac
1358 1680 1569 1721 subirem?

63 1804 133 1833 first
167 1803 297 1843 syllable
335 1802 369 1832 in
406 1801 655 1842 ‘repugnasses’
686 1802 712 1832 is
743 1802 842 1832 short.

63 1847 132 1876 The
155 1846 247 1885 thing
270 1846 295 1876 is
317 1856 408 1885 every
432 1856 498 1885 way
514 1849 568 1876 too
587 1845 704 1876 absurd
727 1849 761 1876 to
777 1846 843 1875 talk

62 1890 170 1919 about.

107 1932 263 1971 vectores]
325 1935 344 1949 “
358 1932 494 1968 Servius,
534 1931 616 1962 Aen.
656 1932 719 1962 viii.
760 1934 845 1962 532:

65 1976 183 2005 Vector
208 1976 262 2014 qui
288 1975 373 2005 vehit
400 1979 432 2005 01
462 1976 515 2015 qui
542 1975 668 2004 vehitur
682 1975 701 1988 '’
732 1974 846 2015 (Gara-

66 2017 161 2058 toni).
208 2018 327 2058 Ulpian
351 2018 440 2058 (Dig.
465 2020 513 2048 14.
534 2019 562 2048 1.
582 2019 610 2048 l.
631 2017 719 2058 §3):
746 2022 765 2035 “
779 2029 845 2048 ma-

65 2062 155 2100 gistri
179 2065 284 2090 autem
312 2062 522 2100 imponuntur
546 2061 686 2090 locandis
714 2061 846 2091 navibus

65 2105 114 2134 vel
138 2104 177 2134 ad
208 2114 327 2134 merces
352 2104 401 2133 vel
427 2103 603 2133 vectoribus
631 2104 842 2134 conducendis

64 2148 307 2178 armamentisve
330 2147 472 2176 emendis
486 2146 515 2182 ;”
540 2147 643 2176 where
660 2151 667 2163 ‘
682 2150 822 2177 vectores
835 2147 842 2159 ’

66 2201 174 2220 means
186 2190 240 2220 the
251 2191 358 2220 sailors
373 2202 380 2226 ;
404 2190 466 2219 and
483 2189 572 2229 (Dig.
588 2191 636 2219 14.
651 2190 677 2219 l.
693 2190 719 2219 l.
735 2192 749 2226 ξ.
771 2189 822 2230 12)
836 2202 842 2219 :

66 2238 86 2251 ‘⁴
99 2233 252 2274 quaedam
269 2234 353 2263 enim
380 2243 474 2262 naves
491 2233 661 2268 onerariae,
680 2232 844 2271 quaedam,

65 2281 101 2307 ut
117 2277 177 2316 ipsi
194 2277 312 2312 dicunt,
338 2275 542 2316 ἐπιβατηγοί
567 2279 651 2311 sunt,
676 2280 708 2305 et
731 2276 848 2314 pleros-

66 2331 128 2360 que
144 2320 293 2349 mandare
303 2320 367 2349 scio
385 2329 423 2348 110
436 2323 576 2348 vectores
586 2318 749 2357 recipiant,
761 2322 792 2348 et
805 2319 848 2348 510

66 2368 103 2394 111
119 2367 205 2393 certa
226 2363 354 2402 regione
370 2366 401 2392 et
417 2365 502 2392 certo
520 2362 597 2391 mari
625 2362 844 2400 negotientur3

65 2410 101 2436 ut
131 2417 186 2436 eae
217 2410 291 2436 sunt
330 2415 435 2442 naves,
468 2415 549 2444 quae
581 2404 798 2434 Brundusium
829 2415 848 2434 a

67 2450 218 2488 Cassiopa
234 2450 282 2479 vel
298 2460 316 2479 a
335 2449 510 2488 Dyrrachio
526 2451 666 2478 vectores
683 2448 846 2486 trajiciunt

65 2493 105 2522 ad
146 2502 242 2522 onera
280 2491 470 2522 inhabiles.''
530 2491 616 2521 Here
660 2494 667 2508 ⁴
681 2494 821 2521 vectores
835 2491 842 2504 '

65 2545 174 2565 means
200 2546 395 2574 passengers.
451 2535 528 2564 Also
553 2535 586 2564 in
613 2534 747 2564 another
773 2544 844 2573 pas-

66 2589 140 2618 sage
157 2577 301 2618 (Ulpiany
326 2579 399 2617 Dig.
424 2579 455 2608 4.
480 2581 510 2609 9.
536 2578 565 2613 7.
593 2579 608 2614 ξ
636 2578 667 2616 l)
693 2578 717 2606 it
737 2587 844 2607 means

65 2622 120 2651 the
130 2631 314 2660 passengers
326 2633 333 2650 :
352 2625 371 2638 ‘⁴
385 2622 466 2651 Item
479 2621 503 2650 si
514 2620 703 2660 praedixerit
715 2620 846 2660 (exerci-

65 2664 129 2704 tor)
144 2668 178 2693 ut
190 2664 405 2704 unusquisque
422 2667 582 2694 vectorum
596 2674 645 2693 res
657 2674 728 2693 suas
744 2667 847 2693 servet

66 2717 170 2747 neque
198 2707 348 2736 damnum
377 2718 409 2737 se
440 2710 682 2746 praestaturum,
714 2710 746 2736 et
771 2717 845 2737 0011-

66 2750 222 2780 senserint
252 2753 392 2780 vectores
425 2750 640 2789 praedictioni,
674 2760 739 2780 non
771 2760 844 2780 con-

67 2792 246 2823 venietur.⁷'

111 2846 173 2865 non
184 2836 276 2865 modo
295 2859 301 2865 .
320 2858 327 2865 .
347 2858 354 2865 .
367 2835 484 2874 sedin]
534 2839 553 2852 ‘⁶
568 2836 588 2865 i.
605 2846 632 2866 e.
646 2836 679 2865 in
695 2846 846 2876 magnum

67 2879 150 2908 vitae
165 2879 344 2917 discrimen,
359 2879 476 2908 nedum
498 2878 537 2908 ad
561 2882 678 2909 certam
700 2883 845 2915 mortem,

68 2925 104 2951 ut
130 2925 214 2952 recte
237 2922 264 2951 I.
286 2922 334 2952 M.
363 2922 484 2953 Gesner
510 2921 676 2961 explicat’'
706 2922 846 2963 (Halm).

890 1802 924 1832 If
931 1812 976 1832 we
988 1802 1095 1832 follow
1110 1802 1166 1832 the
1182 1803 1272 1832 usual
1288 1803 1424 1842 practice
1437 1803 1472 1833 of
1484 1803 1673 1843 translating

891 1848 976 1875 ‘non
1009 1846 1123 1875 modo’
1150 1845 1191 1885 by
1215 1849 1294 1876 ‘not
1327 1846 1423 1886 only’
1449 1857 1494 1876 we
1521 1847 1587 1876 lose
1616 1847 1672 1876 the

889 1899 990 1918 sense.
1038 1889 1069 1918 It
1092 1899 1200 1918 means
1223 1892 1242 1905 ‘¹
1258 1889 1272 1919 1
1290 1889 1330 1919 do
1354 1894 1410 1919 not
1433 1900 1488 1930 say
1504 1894 1536 1919 10
1553 1891 1671 1920 certain

892 1932 998 1967 death,
1015 1931 1074 1961 but
1084 1932 1115 1961 in
1128 1936 1215 1971 great
1226 1933 1290 1962 risk
1301 1933 1335 1962 of
1347 1933 1450 1972 lesing
1462 1933 1544 1963 their
1560 1932 1671 1963 lives.’'

894 1975 991 2005 Halm
1017 1976 1169 2014 correctly
1195 1976 1337 2005 remarks
1361 1977 1432 2006 that
1462 1977 1525 2005 this
1555 1977 1582 2005 is
1615 1977 1671 2006 the

892 2028 978 2048 same
1003 2019 1105 2048 which
1130 2019 1170 2048 he
1197 2029 1360 2058 expresses
1388 2020 1509 2059 shortly
1530 2019 1612 2049 after
1638 2020 1670 2049 in

891 2062 1026 2091 another
1053 2072 1130 2101 way,
1167 2065 1186 2078 “
1198 2072 1269 2091 011111
1306 2073 1430 2093 5111111110
1468 2073 1532 2093 11011
1569 2063 1670 2093 dicam

887 2105 994 2139 exitio,
1021 2105 1075 2134 sed
1101 2105 1241 2144 periculo
1268 2106 1385 2135 certe.’'
1434 2106 1492 2136 See
1517 2106 1674 2136 Remarks

888 2157 930 2177 on
946 2148 1022 2177 Non
1039 2147 1150 2185 Modo,
1168 2148 1239 2177 Vol.
1259 2148 1285 2178 I.

928 2191 1157 2230 proscriptio]
1207 2191 1268 2220 We
1290 2194 1376 2220 must
1399 2191 1595 2222 understand
1616 2193 1671 2222 the

892 2233 970 2268 Lex,
988 2243 1057 2272 says
1076 2233 1185 2268 Halm,
1202 2233 1242 2272 by
1260 2234 1361 2263 which
1385 2234 1464 2264 after
1484 2235 1592 2264 Cicero
1609 2236 1671 2265 had

893 2276 950 2305 left
967 2276 1068 2304 Rome
1091 2276 1145 2305 the
1169 2276 1385 2307 ‘interdictio'
1410 2277 1447 2307 of
1466 2278 1585 2318 ‘aqua'
1608 2279 1671 2308 and

895 2319 994 2357 ‘ignis
1006 2318 1013 2331 '
1031 2328 1093 2348 was
1111 2319 1254 2349 declared
1269 2320 1392 2358 against
1410 2320 1486 2350 him.
1532 2321 1620 2351 Thus
1637 2322 1670 2351 in

893 2372 918 2391 c.
936 2363 987 2397 64,
999 2361 1039 2391 he
1055 2371 1125 2401 says
1143 2364 1162 2378 ‘⁶
1174 2372 1262 2392 meae
1277 2364 1557 2402 proscriptiones.''
1604 2365 1670 2395 But

892 2404 955 2434 this
971 2405 996 2434 is
1012 2409 1069 2434 not
1085 2405 1140 2434 the
1156 2406 1304 2445 meaning
1326 2406 1411 2442 here,
1437 2407 1484 2437 for
1500 2408 1540 2437 he
1556 2408 1669 2447 speaks

889 2448 1049 2487 generally
1067 2452 1181 2486 ‘quum
1200 2470 1207 2477 .
1222 2471 1229 2479 .
1246 2472 1253 2478 .
1270 2449 1533 2487 denuntiaretur,’
1549 2451 1610 2480 and
1628 2452 1667 2480 110

889 2491 945 2520 has
962 2490 1026 2520 said
1044 2490 1113 2520 that
1128 2491 1183 2520 the
1205 2492 1275 2532 ship
1292 2492 1327 2522 of
1346 2496 1428 2523 state
1443 2504 1505 2523 was
1522 2495 1617 2532 going
1632 2497 1666 2523 to

890 2533 930 2563 be
946 2534 1105 2569 attacked,
1124 2537 1131 2550 ⁴
1145 2534 1205 2563 nisi
1222 2545 1278 2574 ego
1295 2546 1395 2565 essem
1419 2546 1500 2566 1111115
1518 2536 1665 2573 deditus‚’

889 2577 950 2606 and
967 2577 1007 2606 he
1022 2576 1109 2613 adds,
1125 2580 1241 2616 ‘quum
1258 2578 1311 2607 alii
1327 2589 1377 2608 me
1390 2580 1567 2618 suspicione
1583 2580 1665 2619 peri-

892 2620 953 2649 culi
981 2620 1028 2650 sui
1055 2630 1119 2649 11011
1151 2620 1378 2651 defende1·ent.’
1426 2622 1490 2651 But
1520 2623 1604 2656 here,
1632 2633 1666 2652 as

893 2663 988 2692 Halm
1017 2673 1179 2702 supposes,
1206 2664 1246 2693 he
1272 2674 1372 2693 seems
1399 2668 1432 2694 to
1459 2675 1550 2694 mean
1573 2665 1666 2695 Pom-

891 2707 980 2745 peius
1004 2707 1087 2745 only.
1136 2707 1167 2735 It
1191 2717 1261 2746 may
1278 2707 1316 2736 be
1333 2717 1386 2743 so;
1409 2707 1467 2736 but
1490 2708 1530 2737 he
1554 2709 1667 2747 speaks

890 2749 1032 2788 vagucly,
1056 2749 1118 2778 and
1141 2750 1311 2789 purposely
1328 2750 1368 2779 he
1391 2751 1504 2789 speaks
1522 2752 1666 2791 vaguely.

891 2793 993 2832 Again
1019 2793 1091 2822 ‘alii
1117 2792 1242 2822 obstare
1267 2792 1325 2822 sibi
1350 2792 1422 2829 me,’
1444 2794 1547 2823 where
1570 2794 1666 2824 Halm

892 2845 1044 2876 supposes
1060 2835 1130 2865 that
1145 2836 1185 2865 he
1201 2846 1308 2866 means
1326 2835 1440 2866 Caesar
1456 2837 1587 2877 chiefly:
1605 2838 1668 2869 and

892 2880 997 2910 others
1016 2879 1030 2908 1
1048 2889 1185 2918 suppose
1201 2882 1265 2909 too.

937 2932 1031 2962 quam
1060 2922 1154 2962 [uon]
1182 2922 1216 2952 id
1233 2945 1239 2952 .
1259 2945 1266 2952 .
1285 2945 1292 2952 .
1313 2922 1452 2953 subirem
1465 2922 1496 2962 ἶ]
1547 2922 1669 2954 Gesner
