2063 3242
205 187 289 229 394
680 181 861 224 ORAT.
895 180 978 222 DE
1012 179 1192 222 DOMO
1227 180 1350 222 SUA

205 305 253 342 tu
286 299 417 355 igitur
449 299 574 340 homo
610 296 823 354 popularis
859 296 955 351 jure
996 295 1203 336 munitam
1240 294 1456 337 civitatem
1496 299 1541 338 et
1580 295 1822 338 libertatem

204 371 397 407 nostram
418 370 543 421 putas
565 379 656 405 esse
688 367 898 418 oportere,
933 365 993 411 ut,
1018 360 1052 401 si
1074 360 1244 402 tribuno
1276 360 1411 416 plebis
1437 366 1616 417 rogante
1640 376 1822 402 vicm'ms

206 444 510 481 JUBEA'HSNE,
538 429 691 470 Fidulii
715 434 886 470 centum
903 441 947 467 se
969 425 1073 468 velle
1102 431 1146 468 et
1162 426 1313 481 jubere
1335 426 1530 477 dixerint,
1554 427 1689 483 possit
1713 442 1824 468 unus

205 498 380 553 quisque
397 501 590 538 nostrum
611 495 809 535 amittere
838 492 1095 548 [civitatem]
1117 493 1131 533 ἓ
1192 491 1301 533 Τ11111
1332 492 1462 548 igitur
1482 495 1666 549 majores
1687 493 1822 535 nostri

205 563 428 619 populares
450 576 533 603 non
554 562 738 609 fuerunt,
763 559 833 615 qui
856 559 906 599 de
925 558 1097 600 civitate
1115 561 1159 599 et
1180 557 1376 600 libertate
1393 574 1440 600 ea
1454 559 1552 614 jura
1573 564 1821 610 sanxerunt,

205 643 313 685 quae
335 643 411 669 nec
434 628 496 669 vis
519 632 756 682 temporum
780 640 857 667 nec
879 623 1076 681 potentia
1098 623 1427 678 magistratuum
1450 640 1525 666 nec
1547 640 1614 666 res
1630 625 1824 680 judicata

205 709 283 736 nec
306 694 484 749 denique
506 693 689 733 universi
715 691 859 748 populi
882 690 1062 732 Romani
1091 695 1296 745 potestaS,
1320 705 1427 746 quae
1455 691 1607 732 ceteris
1636 691 1677 731 in
1699 691 1825 732 rebus

206 767 274 802 est
310 760 507 807 maxima,
542 759 802 800 labefactare
835 756 984 813 possit.
1047 756 1112 798 At.
1148 761 1198 798 tu
1235 756 1377 807 etiam,
1416 760 1588 812 ereptor
1623 756 1822 807 civitatis,

205 828 341 883 legem
363 828 414 868 de
446 826 608 881 injuriis
630 825 807 881 publicis
827 823 963 866 tulisti
986 823 1217 879 Anagnino
1239 823 1380 864 nescio
1403 823 1469 864 cui
1504 822 1719 865 Menullae
1750 839 1826 879 per

205 893 402 948 gratiam,
427 892 497 948 qui
528 892 607 934 tibi
639 892 693 933 ob
725 906 818 932 eam
851 890 986 945 legem
1019 895 1209 931 statuam
1239 889 1279 929 in
1312 888 1417 930 meis
1447 888 1622 930 aedibus
1651 889 1820 945 posuit;

207 964 254 1000 ut
275 959 391 1000 locus
413 959 502 1014 ipse
534 958 576 998 in
605 962 730 999 tanta
762 961 837 998 tua
872 956 1025 1011 injuria
1057 956 1195 1011 legem
1228 959 1272 996 et
1303 954 1621 1010 inscriptionem
1654 960 1825 997 statuae

207 1024 443 1072 refelleret;
493 1038 601 1078 quae
636 1038 704 1063 rcs
737 1022 1017 1077 municipibus
1049 1020 1290 1077 Anagninis
1330 1019 1650 1075 [ornatissimis]
1690 1021 1825 1063 multo

206 1090 357 1145 majori
390 1089 522 1131 dolori
553 1089 634 1131 fuit
667 1103 792 1144 quam
824 1102 932 1144 quae
961 1087 1072 1129 idem
1094 1087 1161 1128 ille
1183 1086 1395 1143 gladiator
1416 1086 1576 1127 scelera
1603 1086 1826 1142 Anagniae

206 1156 380 1198 fecerat.

268 1221 462 1262 XXXI.
497 1220 619 1273 Quid,
656 1219 691 1261 si
723 1235 776 1261 ne
805 1219 1011 1274 scriptum
1034 1218 1202 1275 quidem
1232 1233 1432 1274 umquam
1468 1223 1534 1260 est
1560 1218 1601 1258 in
1632 1217 1714 1260 ista
1736 1218 1827 1274 ipsa

208 1287 429 1341 rogatione
459 1300 586 1341 quam
620 1300 664 1327 se
699 1285 893 1326 Fidulius
926 1290 1057 1340 negat
1087 1284 1272 1333 scivisse,
1297 1290 1344 1326 tu
1379 1289 1534 1334 autem,
1557 1289 1605 1326 ut
1635 1289 1733 1326 acta
1763 1285 1827 1327 tui

207 1353 411 1409 praeclari
444 1352 685 1394 tribunatus
719 1351 900 1392 hominis
942 1350 1152 1406 dignitate
1187 1350 1452 1400 cohonestes,
1491 1356 1711 1392 auctorem
1741 1365 1827 1391 am-

208 1419 542 1476 plecteris—scd
574 1423 717 1459 tamen
739 1417 774 1458 si
798 1416 899 1457 nihil
931 1417 982 1458 de
1014 1431 1080 1457 me
1112 1415 1262 1465 tulisti,
1297 1431 1378 1471 quo
1407 1416 1546 1457 minus
1578 1431 1713 1458 essem
1744 1432 1828 1457 non

208 1485 334 1527 modo
358 1485 399 1525 in
428 1484 581 1525 civium
613 1498 800 1534 numero,
825 1483 900 1524 sed
930 1482 1060 1524 etiam
1094 1482 1135 1522 in
1168 1497 1218 1522 eo
1240 1482 1345 1532 loco,
1370 1482 1412 1522 in
1435 1497 1517 1537 quo
1550 1498 1616 1523 me
1648 1483 1829 1524 honores

208 1551 352 1608 populi
387 1550 566 1592 Romani
590 1550 914 1597 collocaverunt,
939 1553 1137 1590 tamenne
1159 1563 1253 1589 eum
1277 1553 1352 1589 tua
1373 1563 1473 1589 voce
1494 1548 1680 1598 violabis,
1705 1563 1829 1604 quem

209 1623 307 1673 post
328 1617 534 1658 nefarium
555 1616 692 1657 scelus
711 1615 931 1656 consulum
953 1613 1212 1669 superiorum
1232 1619 1299 1655 tot
1316 1614 1432 1655 vides
1445 1614 1618 1669 judiciis
1640 1623 1826 1665 senatus,

208 1684 352 1740 populi
388 1682 582 1729 Romani,
620 1682 771 1723 Italiae
804 1681 937 1722 totius
974 1680 1259 1728 honestatum,
1294 1695 1418 1735 quem
1452 1695 1504 1720 ne
1536 1684 1625 1721 tum
1659 1680 1830 1735 quidem

210 1764 340 1805 quum
363 1750 535 1790 aberam
557 1763 713 1803 negare
735 1752 908 1803 poteras
930 1760 1023 1787 csse
1046 1750 1123 1786 tua
1149 1745 1241 1800 lege
1264 1746 1535 1787 senatorem?
1598 1745 1686 1786 Ubi
1717 1745 1829 1786 enim

210 1816 371 1857 tuleras
393 1820 441 1855 ut
462 1814 564 1855 mihi
587 1829 697 1869 aqua
730 1818 775 1855 et
806 1812 892 1867 igni
925 1811 1286 1852 interdiceretur?
1316 1812 1428 1866 quod
1455 1812 1674 1852 Gracchus
1697 1812 1749 1853 de
1777 1811 1829 1853 P.

214 1880 410 1936 Popillio,
456 1878 707 1920 Saturninus
741 1878 792 1919 de
832 1877 1010 1918 Metello
1053 1876 1165 1925 tulit,
1200 1877 1391 1918 homines
1428 1876 1736 1918 seditiosissimi
1778 1877 1830 1919 de

213 1945 387 2002 optimis
419 1959 469 1986 ac
510 1943 754 1985 fortissimis
787 1943 972 1985 civibus:
1021 1957 1118 1993 non,
1154 1947 1203 1984 ut
1237 1948 1351 1985 esset
1392 1943 1676 1996 interdictum,
1719 1943 1831 1999 quod

212 2116 284 2146 that
299 2116 340 2145 he
352 2125 415 2146 was
431 2118 488 2145 not
504 2115 536 2145 in
555 2115 657 2145 Rome
673 2117 705 2144 at
721 2114 776 2144 the
792 2114 881 2150 time,
897 2113 956 2144 but
968 2116 1000 2144 at

214 2160 409 2190 Interamna.
467 2159 508 2188 So
540 2158 693 2193 Fidulius,
724 2158 794 2187 who
826 2157 875 2187 for
913 2168 1000 2187 some

213 2213 324 2233 reason
341 2203 368 2232 is
384 2202 450 2232 said
472 2212 507 2232 or
529 2201 689 2241 supposed
709 2205 766 2231 not
782 2205 815 2230 to
833 2201 909 2231 wish
926 2201 950 2231 it
967 2204 1000 2231 to

213 2246 254 2276 be
281 2246 419 2285 thought
445 2245 515 2275 that
543 2246 582 2275 he
609 2245 671 2275 had
696 2255 758 2284 any
783 2245 875 2283 thing
899 2248 933 2274 to
960 2245 1001 2274 do

214 2290 291 2319 with
307 2289 371 2319 this
387 2289 485 2325 affair,
507 2289 609 2328 might
635 2298 731 2318 swear
747 2288 818 2318 that
835 2288 874 2318 he
890 2298 953 2318 was
969 2291 1002 2318 at

214 2333 270 2362 the
286 2331 412 2362 world's
437 2332 510 2369 end,
538 2332 586 2362 for
608 2332 712 2362 Gades
729 2342 791 2362 was
808 2342 869 2362 one
893 2332 929 2362 of
948 2331 1002 2362 the

215 2376 315 2406 limits
331 2376 366 2405 of
379 2375 433 2405 the
451 2375 576 2405 Roman
594 2375 701 2405 world.

228 2438 248 2453 “
263 2434 424 2466 Omnibus
449 2435 482 2464 in
506 2435 599 2464 terris
621 2444 702 2474 quae
726 2438 801 2465 sunt
820 2445 839 2464 a
860 2434 1002 2465 Gadibus

348 2487 449 2518 usque

260 2522 418 2552 Auroram
435 2524 468 2550 et
485 2519 664 2559 Gangem.’'
713 2520 874 2561 (Juvenal,
892 2531 923 2550 x.
944 2520 987 2561 1.)

266 2591 347 2620 Tum
364 2588 482 2628 iyz‘lur]
518 2588 670 2618 Garatoni
687 2598 749 2618 was
766 2589 911 2618 offended
927 2589 1003 2618 with

223 2634 325 2664 ‘Tum
339 2632 346 2645 ⁷
363 2632 472 2672 placed
497 2641 530 2661 as
553 2632 578 2660 it
599 2632 625 2661 is
646 2631 736 2661 here:
764 2633 783 2648 ‘⁶
797 2632 829 2661 in
847 2632 1000 2671 principio

218 2677 322 2717 posita
338 2676 392 2710 ita,
410 2678 446 2705 ut
462 2685 531 2705 eam
548 2674 613 2704 fere
629 2675 723 2704 hodie
742 2680 878 2713 ponunt,
902 2685 999 2713 quum

219 2721 323 2750 dicere
350 2720 472 2753 volunt,
499 2719 558 2747 hoc
582 2719 610 2748 si
638 2719 684 2748 ita
712 2721 758 2748 est
773 2717 792 2730 ’'
822 2717 1002 2758 (Wolf).-

221 2763 384 2803 ‘potentia
422 2762 663 2801 magistratuum
679 2760 697 2790 :¹
746 2761 945 2797 Gulielmius,
985 2771 1003 2791 a

219 2807 302 2847 good
326 2806 424 2842 critic,
449 2804 617 2844 suggested
642 2803 875 2844 ‘impotentia‚’
901 2804 1003 2833 which

219 2850 323 2880 would
341 2850 379 2879 be
395 2860 435 2879 an
451 2849 703 2888 improvement3
727 2848 776 2877 for
791 2847 818 2877 if
829 2848 884 2877 the
900 2848 1004 2877 writer

219 2896 328 2923 meant
344 2893 398 2923 the
416 2895 424 2909 ‘
439 2891 625 2932 authority,’
648 2891 688 2921 he
711 2891 824 2921 should
842 2891 921 2920 have
937 2891 1004 2920 said

221 2940 228 2954 ⁶
244 2935 678 2977 potestas.'—‘labefactarc
708 2934 840 2975 possitz'
877 2934 1003 2964 Ernesti

1044 2113 1164 2143 altered
1205 2112 1337 2154 ‘possit'
1376 2117 1409 2144 to
1449 2114 1594 2154 ‘posset,’
1633 2115 1695 2145 and
1733 2124 1768 2145 so
1805 2114 1831 2145 it

1046 2157 1160 2187 should
1177 2157 1226 2186 be.

1090 2201 1129 2230 de
1160 2201 1290 2239 injuriis
1310 2201 1468 2240 publicis]
1518 2201 1666 2242 Nothing
1691 2211 1779 2232 more
1803 2201 1831 2231 is

1046 2244 1162 2274 known
1180 2244 1214 2273 of
1227 2244 1289 2274 this
1306 2244 1395 2274 affair
1410 2245 1473 2274 and
1490 2244 1525 2274 of
1539 2245 1694 2275 Menulla.

1091 2289 1143 2318 31.
1176 2288 1396 2327 amplecteris]
1448 2288 1496 2318 M.
1519 2288 1570 2324 V.,
1598 2285 1829 2328 ‘amplexeris'

1049 2331 1082 2361 P.
1092 2331 1143 2367 G.‚
1152 2331 1325 2360 Baiter»—‘
1334 2331 1495 2361 Gracchus
1503 2331 1522 2360 ι’
1538 2331 1574 2361 C.
1584 2332 1755 2368 Gracchus,
1764 2340 1829 2361 B.c.

1050 2375 1122 2409 1⁴23,
1150 2374 1309 2413 proposed
1333 2385 1352 2403 a
1377 2375 1444 2404 Lex
1469 2375 1593 2414 against
1618 2376 1652 2405 P.
1679 2375 1830 2415 Popillius

1049 2417 1184 2453 Laenas,
1201 2417 1271 2447 who
1287 2417 1320 2446 in
1342 2417 1391 2447 his
1407 2418 1590 2458 consulship
1608 2418 1669 2448 had
1692 2417 1830 2448 directed

1047 2461 1103 2490 the
1126 2464 1133 2477 ‘
1147 2460 1367 2500 quaestiones'
1394 2462 1518 2500 against
1541 2462 1596 2492 the
1617 2462 1776 2502 partizans
1798 2460 1834 2491 of

1048 2503 1098 2533 Ti.
1116 2503 1290 2534 Gracchus.
1335 2504 1413 2533 This
1430 2505 1619 2544 procecding
1635 2506 1758 2544 against
1771 2504 1830 2534 Po-

1048 2546 1154 2586 pillius
1178 2546 1324 2576 followed
1342 2546 1514 2577 Gracchus’
1534 2548 1600 2578 Lex
1625 2551 1644 2565 “
1657 2558 1697 2578 ne
1720 2548 1759 2578 de
1779 2557 1829 2578 ca-

1048 2590 1114 2629 pite
1130 2590 1243 2619 eivium
1260 2590 1476 2620 Romanorum
1493 2591 1616 2630 injussu
1629 2595 1734 2622 vestro
1746 2591 1830 2630 judi-

1047 2632 1200 2662 caretur’'
1229 2633 1305 2672 (Pro
1331 2633 1367 2663 C.
1390 2634 1531 2671 Rabirio,
1560 2645 1586 2665 c.
1610 2637 1639 2672 4,
1662 2635 1734 2665 Vol.
1756 2633 1829 2675 ΙΙ.).

1049 2676 1169 2706 Gellius
1202 2674 1259 2715 (xi.
1296 2676 1348 2715 13)
1378 2677 1435 2706 bas
1466 2679 1634 2716 preserved
1664 2689 1683 2708 a
1712 2678 1771 2708 few
1798 2676 1833 2707 of

1049 2718 1222 2749 Gracchus’
1249 2719 1369 2749 words:
1404 2721 1529 2754 “Quae
1553 2732 1609 2752 vos
1636 2721 1750 2762 cupide
1776 2730 1830 2760 per

1048 2762 1142 2791 hosce
1158 2772 1258 2791 annos
1279 2764 1445 2802 appetistis
1468 2768 1564 2804 atque
1579 2765 1734 2801 voluistis
1751 2774 1788 2794 ea
1805 2762 1830 2793 si

1048 2808 1167 2834 temere
1191 2806 1402 2845 repudiaritis,
1419 2807 1529 2837 abesse
1548 2818 1611 2837 non
1630 2811 1736 2848 potest
1754 2807 1829 2847 quin

1048 2852 1104 2878 aut
1127 2849 1202 2878 olim
1226 2849 1340 2888 cupide
1363 2852 1522 2889 appetisse
1538 2855 1593 2881 aut
1611 2861 1697 2881 nunc
1712 2854 1830 2881 temere

1048 2892 1232 2930 repudiasse
1243 2893 1427 2923 dicamini.'’
1474 2894 1626 2925 Metellus
1642 2895 1668 2925 is
1680 2893 1829 2925 Metellus

1049 2935 1238 2966 Numidicus
1256 2935 1380 2977 (Quum
1398 2933 1540 2975 Se'natui,
1557 2948 1583 2968 c.
1604 2938 1670 2979 15).
