2007 3333
785 235 918 277 CAP.
951 237 1075 277 5—7.
1672 241 1722 281 41

137 349 231 390 belli
254 349 476 405 descripta,
501 348 661 390 edocui.
724 349 862 401 Quum
882 349 1124 401 haesitaret,
1145 365 1271 405 quum
1294 354 1520 401 teneretur,
1545 353 1725 405 quaesivi

139 415 237 469 quid
269 415 482 455 dubitaret
513 414 721 469 proficisci
752 429 800 455 eo
832 430 912 470 quo
944 415 1193 470 jampridem
1225 420 1405 469 pararet,
1439 430 1565 470 quum
1598 432 1724 465 arma,

136 494 263 535 quum
298 495 477 529 secures,
517 494 642 534 quum
676 480 821 528 fasces,
861 495 987 535 quum
1024 481 1159 530 tubas,
1197 495 1323 535 quum
1365 480 1485 535 signa
1520 481 1724 531 militaria,

135 559 261 599 quum
283 545 462 600 aquilam
485 545 594 585 illam
616 550 872 597 argenteam,
897 545 962 585 cui
985 545 1050 586 ille
1072 546 1198 586 etiam
1221 545 1451 586 sacrarium
1477 546 1721 601 [scelerum]

136 610 246 650 domi
269 625 366 651 suae
388 611 557 656 fecerat,
581 609 730 650 scirem
759 625 848 650 esse
876 611 1161 664 praemissam.
1225 611 1275 651 ln
1301 611 1489 652 exsilium
1511 611 1728 666 ejiciebam

135 690 255 730 quem
288 676 374 730 jam
409 676 644 731 ingressum
685 689 775 715 esse
816 675 856 716 in
897 676 1049 716 bellum
1086 676 1307 717 videbam?
1369 676 1552 725 Etenim,
1590 678 1726 726 credo,

138 740 324 781 Manlius
345 742 424 782 iste
447 741 649 789 centurio,
680 740 751 795 qui
778 741 819 781 in
842 756 944 797 agro
974 741 1209 782 Faesulano
1236 746 1377 783 castra
1401 742 1552 796 posuit,
1578 742 1729 783 bellum

134 807 287 861 populo
329 807 520 847 Romano
560 821 634 847 suo
685 806 851 847 nomine
903 807 1066 857 indixit,
1119 812 1161 847 et
1207 807 1275 848 illa
1317 814 1456 849 castra
1495 823 1605 848 nune
1646 823 1729 848 non

136 871 361 912 Catilinam
394 872 542 912 ducem
579 876 816 927 expectant,
852 876 896 913 et
927 871 994 912 ille
1027 872 1189 926 ejectus
1222 872 1263 912 in
1295 872 1500 922 exsilium,
1536 888 1580 913 se
1611 873 1728 914 Mas--

135 936 281 985 siliam,
305 942 353 978 ut
373 937 503 985 aiunt,
528 952 608 977 non
632 937 672 977 in
695 937 798 977 haec
821 942 959 978 castra
980 937 1180 978 conferet.

194 1001 302 1041 VII.
335 1003 370 1043 O
395 1001 677 1043 conditionem
709 1001 902 1042 miseram
933 1016 1015 1041 non
1041 1003 1163 1042 modo
1195 1002 1563 1053 administrandae,
1587 1017 1730 1044 verum

135 1066 261 1107 etiam
296 1067 604 1107 conservandae
636 1067 694 1107 rei
728 1067 932 1121 publicae.
996 1067 1129 1117 Nunc,
1164 1068 1198 1108 si
1233 1068 1280 1109 L.
1306 1068 1498 1119 Catilina,
1534 1069 1726 1117 consiliis,

134 1131 360 1180 laboribus,
396 1132 591 1185 periculis
628 1132 731 1172 meis
763 1132 1061 1173 circumclusus
1092 1147 1141 1173 ac
1174 1133 1429 1181 debilitatus,
1463 1134 1603 1175 subito
1638 1149 1728 1189 per-

134 1196 336 1245 timuerit,
378 1197 634 1238 sententiam
667 1198 902 1247 mutaverit,
947 1198 1181 1239 deseruerit
1221 1213 1331 1247 suos,
1375 1199 1593 1239 consilium
1635 1200 1729 1240 belli

134 1261 313 1302 faciendi
335 1263 547 1317 abjecerit,
568 1278 619 1303 ex
642 1264 720 1303 1100
743 1277 865 1303 cursu
887 1263 1055 1304 sceleris
1077 1269 1119 1304 et
1141 1264 1235 1304 belli
1262 1264 1341 1305 iter
1362 1266 1415 1305 ad
1438 1265 1578 1319 fugam
1601 1269 1729 1320 atque

135 1327 174 1367 in
198 1328 389 1368 exsilium
411 1329 680 1377 converterit,
712 1343 794 1369 non
818 1329 883 1369 ille
904 1343 929 1368 a
949 1344 1015 1369 me
1037 1329 1239 1384 spoliatus
1260 1329 1387 1370 armis
1408 1330 1619 1381 audaciae,
1648 1346 1730 1371 non

136 1394 456 1448 obstupefactus
477 1409 525 1434 ac
547 1393 796 1448 perterritus
819 1409 911 1434 mea
940 1394 1168 1447 diligentia,
1199 1410 1280 1434 non
1313 1395 1363 1435 de
1394 1410 1466 1450 spe
1495 1400 1730 1449 conatuque

136 1458 347 1513 depulsus,
382 1459 456 1499 sed
490 1459 768 1508 indemnatus,
805 1459 1006 1499 innocens
1038 1459 1077 1498 in
1112 1459 1302 1500 exsilium
1334 1461 1494 1514 ejectus
1515 1475 1540 1500 a
1562 1461 1730 1501 consule

135 1522 175 1562 vi
206 1528 249 1564 et
281 1523 403 1563 minis
432 1538 524 1564 esse
557 1523 747 1571 dicetur3
790 1528 833 1564 et
866 1528 989 1564 erunt
1021 1523 1090 1577 qui
1124 1523 1248 1572 illum,
1281 1525 1315 1565 si
1345 1526 1422 1565 hoe
1454 1526 1614 1573 fecerit,
1646 1540 1730 1566 non

136 1587 384 1642 improbum,
422 1589 495 1628 sed
531 1588 739 1640 miserum,
783 1603 849 1629 me
882 1603 965 1628 non
1002 1588 1366 1642 diligentissimum
1401 1591 1623 1638 consulem,
1657 1591 1732 1631 sed

137 1653 467 1694 crudelissimum
488 1658 710 1707 tyrannum
739 1654 970 1694 existimari
992 1654 1134 1695 velint.
1197 1654 1279 1696 Est
1310 1655 1409 1695 mihi
1441 1656 1559 1705 tanti,
1596 1655 1730 1708 Quiri-

136 1723 214 1767 tes,
247 1719 372 1772 hujus
404 1718 581 1759 invidiae
612 1719 740 1759 falsae
765 1724 892 1773 atque
922 1719 1088 1774 iniquae
1120 1723 1419 1774 tempestatem
1441 1721 1590 1765 subire,
1615 1722 1731 1761 dum-

129 1784 260 1826 modo
282 1798 307 1823 a
329 1784 446 1824 vobis
467 1784 592 1838 hujus
614 1784 823 1824 horribilis
853 1784 949 1824 belli
978 1799 1028 1824 ae
1053 1785 1199 1825 nefarii
1229 1786 1455 1840 perieulum
1485 1786 1731 1840 depellatur.

138 1848 319 1889 Dicatur
340 1863 438 1889 sane
460 1850 620 1903 ejectus
649 1864 741 1889 esse
772 1864 797 1890 a
824 1864 901 1899 me,
937 1850 1159 1889 dummodo
1193 1856 1263 1891 eat
1296 1851 1336 1890 in
1370 1851 1571 1891 exsilium.
1635 1851 1730 1899 Sed,

136 1914 236 1954 mihi
270 1914 441 1963 credite,
476 1929 558 1954 non
592 1919 657 1955 est
691 1914 837 1955 iturus.
902 1915 1141 1969 Numquam
1173 1930 1250 1970 ego
1276 1931 1300 1956 a
1327 1916 1405 1956 diis
1428 1916 1732 1957 immortalibus

138 1980 306 2033 optabo,
343 1979 541 2032 Quirites,
577 1979 754 2020 invidiae
785 1995 901 2021 meae
935 1980 1133 2021 levandae
1165 1995 1324 2031 caussa,
1359 1986 1406 2022 ut
1439 1982 1484 2021 L.
1509 1981 1731 2022 Catilinam

136 2044 288 2084 ducere
321 2045 554 2085 exercitum
590 2045 775 2085 hostium
810 2050 936 2099 atque
970 2045 1011 2085 in
1047 2045 1173 2086 armis
1210 2047 1383 2087 volitare
1416 2047 1623 2087 audiatis:
1659 2047 1732 2086 sed

138 2108 277 2149 triduo
299 2114 439 2150 tamen
461 2109 652 2158 audietis,
685 2110 899 2165 multoque
921 2111 1053 2165 magis
1076 2111 1175 2150 illud
1197 2112 1337 2162 timeo,
1363 2127 1412 2152 ne
1434 2112 1533 2152 mihi
1554 2112 1610 2152 sit
1632 2112 1731 2152 invi—

137 2175 299 2215 diosum
319 2174 554 2229 aliquando,
588 2175 699 2230 quod
721 2175 833 2215 illum
856 2175 1062 2216 emiserim
1084 2176 1224 2230 potius
1247 2191 1370 2231 quam
1392 2178 1502 2232 quod
1523 2177 1730 2232 ejecerim.

137 2319 358 2359 —‘pararet:'
383 2320 471 2350 there
491 2320 517 2350 is
540 2330 558 2350 a
581 2321 709 2360 reading
732 2321 913 2360 ‘parasset‚’

138 2362 240 2392 which
256 2373 328 2403 may
345 2363 383 2393 be
399 2363 492 2403 right.
529 2364 601 2393 And
615 2364 703 2394 there
719 2364 744 2394 is
757 2374 774 2393 a
787 2365 915 2403 reading

140 2406 306 2445 ‘pararat,'
345 2406 447 2436 which
483 2407 510 2436 is
549 2410 915 2445 wrong—‘secures—

139 2448 238 2478 fasces
254 2448 273 2478 :’
299 2452 318 2465 “
331 2449 410 2478 Cum
437 2449 571 2479 fascibus
587 2454 682 2489 atque.
702 2451 770 2480 aliis
793 2451 914 2489 imperii

139 2492 314 2531 insignibus
331 2492 362 2521 in
380 2497 480 2522 castra
496 2493 535 2522 ad
553 2493 707 2523 Manlium
723 2494 883 2523 contendit
895 2493 913 2506 ’'

141 2534 281 2574 (Sallust,
301 2535 369 2565 Cat.
388 2535 499 2576 0:36).
534 2535 603 2565 The
620 2537 702 2565 word
725 2536 910 2575 [scelerum]

139 2577 219 2606 after
235 2578 421 2607 ‘sacrarium
435 2578 442 2591 '
465 2579 490 2608 is
512 2579 641 2608 omitted
667 2579 698 2608 in
722 2580 793 2609 four
817 2579 913 2609 MSS.

141 2619 282 2660 (Halm.)
332 2621 382 2650 Hc
409 2631 479 2661 says
506 2622 575 2650 that
603 2622 712 2652 Cicero
739 2622 829 2651 could
858 2626 913 2651 not

139 2663 219 2692 have
235 2663 311 2698 said,
330 2666 349 2680 ‘⁶
364 2664 402 2693 he
419 2664 480 2693 had
503 2665 625 2694 erected
650 2666 681 2694 in
705 2665 753 2693 his
776 2665 874 2694 house
897 2675 915 2694 a

140 2710 305 2745 sanctum-y
330 2706 367 2735 of
389 2707 501 2736 crimes
527 2707 576 2736 for
603 2708 656 2737 the
683 2707 804 2746 eaglc.’'
851 2708 914 2737 But

141 2758 277 2787 suppose
293 2749 361 2778 that
380 2750 488 2779 Cicero
509 2750 561 2779 (lid
585 2760 638 2789 say
655 2761 700 2780 so.
748 2751 807 2780 We
830 2755 913 2780 must

140 2791 180 2820 be
196 2795 335 2821 content.
368 2792 436 2822 The
453 2793 549 2822 direct
566 2793 712 2823 evidence
728 2793 754 2822 is
771 2798 914 2831 stronger

141 2833 190 2863 for
210 2833 257 2863 his
279 2834 392 2874 having
412 2836 477 2865 said
501 2836 526 2865 it
549 2836 626 2865 than
648 2837 694 2865 for
718 2840 775 2866 not
801 2836 915 2876 having

142 2876 207 2906 said
224 2877 258 2905 it.

186 2920 364 2957 ejiciebam]
393 2920 486 2950 Kalm
504 2921 586 2955 asks,
605 2924 612 2938 ‘
626 2921 712 2961 Why
725 2925 781 2951 not
797 2922 872 2960 ejeci
885 2921 913 2951 ?’

141 2961 210 2991 The
239 2972 358 2992 answer
381 2972 451 3003 may
479 2963 527 3000 be,
552 2964 638 3003 Why
665 2965 719 2994 the
743 2965 913 3004 question?

960 2321 1032 2351 One
1048 2321 1119 2350 MS.
1137 2321 1193 2351 has
1210 2324 1217 2338 ‘
1230 2321 1364 2352 viderem
1378 2321 1386 2334 '
1407 2321 1456 2351 for
1476 2322 1620 2352 videbam
1632 2322 1650 2359 3’
1675 2322 1733 2352 but

959 2365 1014 2393 the
1030 2364 1195 2394 indicative
1211 2365 1236 2394 is
1252 2365 1375 2395 wanted
1392 2365 1465 2395 here
1486 2369 1518 2395 to
1535 2376 1662 2405 express
1679 2366 1733 2395 the

958 2407 1022 2436 fact
1038 2408 1161 2447 simply.

1002 2451 1195 2489 Faesulano]
1246 2450 1304 2480 See
1329 2451 1398 2481 Cat.
1424 2451 1445 2481 i.
1470 2462 1495 2480 c.
1521 2451 1731 2482 2.—‘Massi-

959 2492 1064 2522 liamz’
1089 2504 1139 2523 see
1159 2494 1230 2522 Vol.
1255 2494 1300 2523 ΙΙ.
1335 2494 1394 2523 Ρ1·0
1418 2494 1465 2523 Μ.
1485 2494 1626 2529 Fonteio,
1651 2504 1677 2523 e.
1700 2497 1729 2523 ὁ.

958 2536 1035 2565 This
1061 2536 1162 2565 Greek
1187 2537 1249 2576 city
1272 2547 1334 2566 was
1357 2537 1481 2576 beyond
1505 2537 1559 2567 the
1582 2537 1677 2566 limits
1701 2537 1736 2565 of

960 2579 1051 2618 Italy,
1076 2580 1136 2608 and
1165 2590 1224 2608 0110
1251 2580 1286 2609 of
1309 2580 1362 2609 the
1389 2584 1510 2609 nearest
1536 2581 1617 2617 large
1645 2580 1730 2608 eities

958 2622 1060 2651 where
1087 2633 1104 2651 a
1133 2623 1255 2652 Roman
1283 2623 1383 2661 might
1410 2624 1474 2652 find
1502 2634 1519 2652 a
1546 2623 1730 2651 convenient

959 2665 1118 2694 residem-e
1148 2666 1237 2694 when
1269 2666 1308 2695 he
1339 2676 1400 2695 was
1435 2666 1557 2703 obliged
1595 2670 1626 2693 to
1663 2665 1731 2702 quit

961 2708 1052 2746 Italy.
1110 2709 1145 2737 L.
1170 2709 1273 2747 Scipio
1304 2709 1459 2739 Asiaticus
1488 2708 1600 2737 retired
1633 2708 1730 2743 there,

959 2751 1019 2779 aud
1036 2751 1073 2780 T.
1092 2752 1214 2780 Annius
1232 2752 1321 2781 Milo.

1003 2794 1031 2828 7.
1058 2795 1117 2823 Est
1131 2796 1209 2823 mihi
1221 2793 1493 2831 lzmti,—s11bi1·r›,]
1516 2796 1534 2808 ‘⁶
1550 2792 1579 2821 It
1593 2792 1616 2820 is
1630 2792 1730 2822 worth

960 2846 1011 2875 my
1023 2837 1114 2866 while
1126 2842 1158 2866 to
1170 2838 1287 2867 sustain
1301 2838 1354 2866 the
1365 2841 1460 2865 storm
1475 2835 1581 2863 ofthis
1593 2835 1729 2873 ground-

958 2879 1020 2908 less
1036 2880 1097 2908 and
1122 2880 1229 2918 uujust
1246 2880 1434 2919 1)01›ulai·ity‚
1453 2879 1477 2906 it'
1497 2878 1550 2906 the
1567 2878 1684 2916 danger
1699 2878 1735 2908 of

958 2922 1022 2951 this
1039 2922 1174 2952 horrible
1190 2923 1250 2952 and
1268 2922 1384 2951 wicked
1401 2931 1462 2950 war
1477 2930 1533 2950 can
1550 2919 1589 2950 be
1604 2921 1731 2951 averted

959 2965 1038 2995 from
1055 2965 1151 3005 you.”
