2063 3242
244 208 327 245 390
715 200 895 242 ORAT.
929 200 1012 240 DE
1046 199 1225 241 DOMO
1261 199 1384 240 SUA

243 316 420 372 imperio
441 316 582 373 populi
605 315 785 357 Romani
807 314 971 356 viderer
997 328 1123 370 quam
1143 314 1198 355 acl
1225 313 1604 355 administrandam
1637 312 1852 355 civitatem

243 383 480 424 restitutus.

303 448 432 490 Hunc
466 454 513 490 tu
541 447 680 497 etiam,
707 449 955 502 portentosa
987 445 1133 500 pestis,
1170 445 1359 486 exsulem
1393 444 1603 500 appellare
1639 458 1767 485 ausus
1793 457 1849 493 es,

243 529 371 571 quum
392 514 526 556 tantis
558 513 784 554 sceleribus
801 526 916 553 esses
937 516 982 552 et
1002 510 1125 551 factis
1147 515 1335 561 notatus,
1356 514 1404 551 ut
1426 525 1592 551 omnem
1613 509 1750 550 locum
1772 522 1853 564 quo

242 581 406 622 adisses
428 579 559 621 exsilii
581 578 833 619 simillimum
854 577 1078 618 redderes?
1140 576 1251 628 Quid
1281 581 1346 618 est
1367 576 1477 617 enim
1499 575 1647 617 exsul?
1710 574 1854 629 Ipsum

242 661 318 702 per
349 661 394 687 se
430 660 582 686 nomen
618 643 884 693 calamitatis,
923 657 1007 682 non
1040 641 1331 696 turpitudinis.
1405 641 1581 694 Quando
1622 640 1753 695 igitur
1788 644 1855 681 est

242 714 398 768 turpe?
444 727 488 752 re
524 726 622 752 vera
655 725 783 765 quum
817 713 884 750 est
920 722 1055 763 poena
1091 708 1271 762 peccati,
1316 707 1510 763 opinione
1546 711 1692 748 autem
1721 705 1853 746 homi-

242 792 342 817 num
374 777 502 817 etiam
542 775 577 816 si
619 781 685 817 est
726 789 863 830 poena
904 773 1107 814 damnati.
1172 773 1333 814 Utrum
1373 773 1506 829 igitur
1546 776 1720 828 peccato
1761 786 1853 812 meo

242 857 395 883 nomen
422 843 552 882 subeo
585 856 639 881 an
671 856 715 882 re
733 840 955 895 judicata?
1018 839 1232 880 Peccato?
1291 839 1393 880 Janl
1425 853 1559 894 neque
1584 845 1631 880 tu
1653 837 1694 879 id
1717 837 1854 877 dicere

241 908 385 957 audes,
410 922 534 962 quem
566 907 636 948 isti
673 906 878 948 satellites
909 904 974 947 tui
1006 905 1168 945 felicem
1203 904 1429 946 Catilinam
1460 903 1692 953 nominant,
1719 917 1855 958 neque

242 974 463 1029 quisquam
485 987 628 1013 eorum
650 971 718 1027 qui
739 971 946 1012 solebant.
1010 970 1106 1011 Non
1127 971 1251 1011 modo
1273 971 1363 1024 jam
1384 984 1507 1011 nemo
1529 974 1594 1010 est
1615 973 1704 1010 tam
1725 969 1853 1024 impe-

241 1039 349 1080 ritus
380 1038 451 1094 qui
482 1053 532 1079 ea
560 1052 667 1093 quae
692 1036 805 1092 gessi
828 1036 869 1077 in
892 1036 1113 1078 consulatu
1134 1040 1310 1091 peccata
1338 1050 1430 1076 esse
1455 1035 1598 1082 dicat;
1634 1034 1708 1075 sed
1731 1050 1853 1076 nemo

243 1109 309 1146 est
330 1109 419 1145 tam
441 1103 633 1145 inimicus
654 1103 817 1158 patriae
839 1102 910 1157 qui
932 1116 1016 1142 11011
1033 1101 1137 1142 111015
1155 1101 1338 1142 0011511115
1359 1101 1541 1156 patriam
1562 1104 1854 1141 conservatam

242 1185 336 1211 esse
368 1169 568 1210 fateatur.
632 1168 872 1209 XXVIII.
908 1167 1031 1219 Quod
1057 1167 1166 1208 enim
1200 1172 1267 1208 est
1288 1167 1329 1207 in
1350 1166 1476 1209 terris
1509 1181 1729 1207 commune
1761 1171 1854 1208 tan-

241 1240 333 1277 tum
355 1235 618 1276 tantulumve
650 1233 882 1282 consilium,
907 1233 1018 1288 quod
1040 1247 1123 1273 11011
1153 1233 1204 1273 (10
1226 1232 1331 1273 111015
1362 1233 1488 1273 rebus
1518 1232 1652 1286 gestis
1680 1247 1729 1272 ea
1749 1246 1854 1287 quae

240 1300 342 1342 mihi
376 1305 518 1341 essent
554 1299 819 1354 optatissima
855 1305 898 1340 et
931 1298 1211 1354 pulcherrima
1240 1298 1472 1353 judicarit?
1535 1298 1754 1339 Summum
1789 1303 1856 1339 est

241 1365 382 1422 populi
412 1365 591 1406 Romani
620 1365 954 1420 populorumque
991 1369 1035 1406 et
1065 1363 1256 1419 gentium
1287 1364 1472 1404 omnium
1504 1378 1552 1405 ac
1583 1379 1731 1419 regum
1759 1378 1855 1404 0011-

241 1432 379 1473 511111111
399 1437 599 1472 senatus:
635 1431 834 1479 decrevit,
858 1436 907 1472 ut
935 1444 1082 1470 omnes
1113 1429 1183 1484 qui
1214 1444 1303 1470 rem
1332 1429 1543 1485 publicam
1574 1430 1732 1470 salvam
1764 1443 1856 1470 esse

241 1497 395 1538 vellent
423 1498 476 1537 ad
508 1512 574 1537 me
607 1512 737 1537 unum
771 1496 1077 1537 defendendum
1111 1495 1312 1545 venirent,
1341 1495 1609 1551 ostenditque
1630 1510 1708 1536 nec
1740 1500 1855 1536 stare

240 1563 429 1619 potuisse
450 1578 538 1603 rem
561 1563 784 1618 publicam,
810 1562 844 1602 si
867 1576 945 1616 ego
968 1576 1051 1602 non
1079 1560 1264 1611 fuissem,
1289 1576 1366 1602 nec
1387 1562 1572 1602 futuram
1601 1576 1693 1602 esse
1714 1560 1852 1611 ullam,

241 1629 276 1670 si
318 1644 401 1670 non
437 1629 652 1669 redissem.
734 1628 961 1668 Proximus
1002 1631 1068 1668 est
1109 1626 1206 1667 huic
1256 1627 1455 1682 dignitati
1497 1627 1599 1668 ordo
1644 1631 1853 1681 equester.

243 1696 401 1735 Omnes
423 1694 608 1735 omnium
630 1694 894 1749 publicorum
915 1692 1144 1734 societates
1165 1693 1216 1733 de
1239 1707 1332 1733 meo
1361 1692 1584 1734 consulatu
1605 1707 1654 1733 ac
1678 1693 1728 1733 de
1750 1691 1854 1733 meis

242 1761 367 1802 rebus
413 1759 549 1815 gestis
604 1759 861 1814 amplissima
915 1764 1045 1813 atque
1100 1758 1368 1799 ornatissima
1423 1759 1594 1799 decreta
1648 1759 1852 1799 fecerunt.

245 1826 428 1875 Scribae‚
466 1825 535 1880 qui
568 1825 786 1865 nobiscum
817 1824 858 1864 in
890 1823 1126 1864 rationibus
1157 1823 1523 1879 monumentisque
1554 1823 1729 1879 publicis
1764 1839 1853 1865 ver—

243 1896 402 1941 santur,
437 1905 520 1930 non
553 1890 775 1930 obscurum
817 1889 868 1929 de
904 1889 1008 1930 meis
1039 1888 1081 1929 in
1112 1903 1202 1929 rem
1242 1889 1452 1944 publicam
1486 1888 1698 1930 beneficiis
1730 1904 1854 1930 suum

238 1956 444 2012 judicium
485 1955 783 2010 decretumque
815 1969 906 1995 esse
947 1954 1182 1996 voluerunt.
1256 1954 1428 1995 Nullum
1461 1960 1527 1996 est
1557 1955 1600 1995 in
1632 1955 1711 1996 hac
1750 1955 1854 1996 urbe

244 2021 476 2076 collegium,
498 2019 600 2060 nulli
621 2020 774 2075 pagani
795 2025 871 2061 aut
892 2019 1095 2071 montani,
1115 2019 1312 2075 quoniam
1330 2020 1464 2076 plebei
1485 2035 1651 2076 quoque
1668 2021 1853 2062 urbanae

277 2170 401 2210 sactis]
451 2171 560 2200 Baiter
578 2171 635 2200 has
651 2170 770 2200 altered
786 2170 850 2200 11115
866 2172 899 2199 10
917 2173 923 2186 ¹
937 2170 1026 2209 flagi-

243 2213 317 2250 tiis‚’
344 2214 393 2244 for
418 2214 528 2244 ‘factis
541 2214 547 2226 ’
571 2214 653 2244 after
676 2217 683 2230 ‘
696 2213 866 2243 sceleribus
879 2213 886 2226 ⁷
907 2214 963 2243 has
984 2223 1026 2243 no

244 2257 411 2296 meaning;
447 2257 505 2286 but
531 2257 601 2287 that
631 2267 703 2297 may
734 2257 773 2287 be
804 2257 859 2287 the
883 2256 1027 2286 author's

243 2301 402 2339 meaning.
450 2303 469 2317 “
485 2300 633 2330 without
660 2310 771 2330 reason
802 2300 916 2339 people
947 2300 1027 2329 have

243 2343 343 2373 found
369 2354 387 2373 a
413 2343 566 2382 difficulty
586 2344 619 2372 in
643 2343 699 2373 the
714 2344 817 2373 words
840 2346 847 2360 ⁶
860 2347 891 2373 et
912 2342 1025 2374 factis!

243 2390 251 2404 ⁶
266 2387 363 2416 Facta
377 2385 384 2398 ’
401 2386 427 2415 is
443 2396 476 2415 as
492 2386 678 2425 intelligible
694 2386 769 2416 here
784 2397 818 2416 as
835 2387 867 2416 in
883 2387 975 2416 Verr.
992 2387 1024 2416 ii.

243 2431 274 2460 4.
297 2440 323 2460 0.
349 2430 409 2459 26:
437 2430 556 2459 ‘Nullo
581 2429 676 2459 modo
700 2439 829 2469 possum
854 2430 961 2459 omnia
983 2430 1025 2459 is-

242 2473 306 2503 tius
319 2473 401 2502 facta
414 2476 469 2502 aut
481 2472 632 2502 memoria
644 2473 811 2512 complecti
824 2473 830 2485 ’
845 2472 865 2485 ”
884 2472 1025 2512 (Klotz).

243 2516 309 2546 But
326 2519 333 2533 ‘
346 2515 435 2546 factis
451 2515 604 2551 notatus,’
620 2516 680 2545 and
702 2516 783 2545 after
798 2516 838 2545 he
856 2516 919 2545 had
943 2516 1024 2545 been

244 2559 433 2590 ‘sceleribus
456 2558 608 2588 notatus)
655 2559 739 2588 That
762 2559 787 2588 is
808 2559 863 2588 1110
879 2559 1025 2597 point.—

243 2603 350 2636 ‘Quid
377 2602 461 2631 enim
489 2605 538 2631 est
563 2602 652 2631 exsul
666 2601 688 2631 ?'
717 2611 768 2631 see
793 2602 853 2631 Pro
878 2602 1023 2639 Caecina,

242 2656 270 2676 0.
288 2648 340 2680 34,
358 2646 429 2675 Vol.
448 2645 493 2675 II.
508 2657 514 2681 ;
539 2645 600 2674 and
617 2645 671 2673 the
688 2645 859 2680 Paradoxa,
876 2645 917 2674 iv.

287 2690 342 2728 qui
357 2689 527 2727 solebant]
557 2691 574 2704 “
588 2688 769 2726 Antequam
783 2698 882 2717 essem
899 2688 1025 2717 restitu-

242 2735 296 2761 tus
310 2731 329 2743 ”
349 2730 556 2772 (Manutius).

287 2776 339 2805 28.
364 2785 529 2805 commune
546 2774 687 2812 tamma]
725 2773 783 2803 See
798 2773 871 2802 vol.
890 2773 917 2802 Ι.
933 2773 1025 2802 Verr.

243 2819 274 2848 ii.
308 2819 334 2847 l.
364 2829 390 2848 c.
418 2820 470 2848 38.
518 2818 674 2856 Compare
700 2817 760 2846 Pro
787 2817 900 2852 Sestio,
923 2826 949 2845 0.
975 2818 1025 2851 14,

243 2865 263 2878 “
277 2862 354 2891 Erat
370 2859 501 2901 igitur,’'
517 2861 621 2890 where
636 2861 662 2890 it
677 2860 703 2889 is
723 2860 766 2889 all
790 2860 856 2890 said
872 2860 904 2889 in
921 2859 1026 2889 better

242 2908 334 2934 tastc.

280 2948 489 2987 publicorum
527 2946 711 2986 societates]
761 2946 855 2975 Some¹
890 2946 1025 2976 editions

1071 2169 1152 2199 have
1179 2169 1465 2210 ‘publicanorum,’
1493 2169 1552 2200 but
1578 2170 1668 2201 there
1692 2180 1792 2201 seems
1819 2173 1853 2201 to

1071 2213 1111 2242 be
1128 2223 1169 2242 no
1185 2214 1348 2254 authority
1364 2214 1412 2243 for
1428 2214 1462 2243 it..
1496 2214 1566 2243 The
1581 2214 1667 2243 word
1685 2217 1692 2230 ⁴
1706 2214 1833 2253 publica
1844 2213 1851 2227 '

1072 2258 1253 2287 sometimes
1270 2267 1378 2287 means
1395 2260 1402 2274 ⁴
1417 2257 1581 2296 vectigalia
1592 2256 1599 2270 '
1619 2257 1705 2297 (Vol.
1721 2257 1747 2287 Ι.
1760 2258 1852 2288 Verr.

1071 2300 1104 2330 ii.
1123 2301 1153 2330 3.
1171 2311 1197 2330 0.
1212 2301 1264 2336 71,
1279 2304 1353 2330 11010
1368 2313 1374 2337 ;
1401 2300 1530 2337 Seneca,
1543 2301 1602 2340 Ep.
1618 2301 1675 2331 101
1689 2313 1696 2337 ;
1717 2301 1852 2340 perhaps

1073 2343 1209 2380 Horace,
1225 2343 1320 2383 Ep.j.
1339 2345 1364 2374 1.
1380 2354 1406 2373 v.
1425 2344 1493 2384 77).
1535 2344 1686 2374 Graevius
1696 2344 1770 2374 asks
1782 2344 1852 2374 who

1071 2396 1129 2416 cau
1146 2387 1279 2416 tolerate
1296 2390 1303 2403 ⁴
1315 2388 1520 2426 vectiyalizcm
1536 2390 1592 2417 aut
1608 2387 1693 2426 quod
1709 2387 1792 2417 idem
1806 2390 1854 2417 est

1065 2431 1275 2468 publicorum
1300 2431 1468 2460 societates
1495 2440 1552 2469 pro
1576 2430 1851 2469 publicanorum!

1072 2473 1183 2503 Cicero
1200 2473 1337 2508 himself,
1355 2473 1426 2502 who
1443 2483 1523 2512 says,
1549 2474 1608 2502 Pro
1627 2473 1738 2509 Sestio,
1755 2484 1781 2504 0.
1803 2475 1851 2510 14,

1072 2516 1193 2545 “nulla
1210 2516 1332 2545 Romae
1349 2516 1481 2546 societas
1496 2515 1732 2555 vectigalium.’'

1116 2558 1279 2597 Scribae,]
1330 2559 1389 2588 See
1405 2559 1477 2588 Vol.
1495 2559 1522 2588 I.
1542 2560 1631 2589 Vei-r.
1648 2560 1679 2589 ii.
1697 2561 1727 2589 3.
1746 2570 1772 2590 0.
1791 2561 1851 2596 79;

1070 2601 1110 2631 In
1128 2601 1196 2631 Cat.
1214 2602 1254 2631 iv.
1272 2612 1297 2631 0.
1316 2602 1346 2636 7.
1393 2602 1563 2632 Markland
1584 2602 1667 2632 finds
1683 2603 1762 2633 fault
1777 2603 1853 2633 with

1070 2644 1125 2674 the
1143 2647 1150 2660 ⁴
1162 2644 1281 2674 scribae
1296 2643 1302 2656 ⁹
1320 2644 1414 2683 being
1430 2646 1612 2675 mentioned
1630 2646 1714 2676 here.
1749 2646 1853 2676 There

1070 2687 1096 2716 is
1113 2687 1246 2725 nothing
1262 2688 1293 2717 in
1315 2687 1363 2717 his
1387 2689 1557 2727 objection.
1603 2689 1707 2719 There
1723 2690 1749 2719 is
1766 2699 1852 2719 more

1070 2731 1103 2760 111
1121 2731 1204 2759 what
1227 2731 1318 2760 Wolf
1339 2731 1498 2768 observes,
1525 2733 1596 2762 that
1621 2732 1696 2771 they
1721 2743 1773 2762 are
1796 2735 1852 2762 not

1071 2774 1254 2803 mentioned
1271 2774 1303 2803 in
1320 2774 1374 2804 1110
1390 2785 1522 2814 passage
1538 2776 1570 2805 in
1589 2776 1644 2806 the
1661 2776 1721 2806 Pro
1739 2775 1850 2812 Sestio,

1072 2826 1100 2846 0.
1119 2818 1168 2847 14.
1375 2824 1388 2837 ³

1113 2861 1196 2889 melli
1226 2862 1350 2899 papsani
1376 2864 1433 2891 aut
1459 2862 1631 2901 montani,]
1680 2860 1850 2891 Markland

1069 2902 1168 2932 found
1185 2914 1203 2932 a
1224 2903 1377 2943 difficulty
1393 2905 1486 2941 here;
1511 2905 1574 2934 and
1589 2906 1679 2935 there
1700 2915 1801 2935 seems
1816 2908 1848 2934 to

1070 2946 1109 2976 be
1125 2956 1223 2982 some,
1248 2947 1295 2977 for
1318 2948 1373 2977 the
1389 2948 1492 2978 writer
1513 2949 1625 2989 speaks
1649 2948 1686 2978 of
1704 2949 1758 2978 the
1775 2951 1782 2964 ‘
1797 2957 1847 2977 111-
