2063 3242
252 178 337 217 418
728 173 908 216 ORAT.
942 173 1024 215 DE
1058 172 1239 215 DOMO
1274 172 1398 214 SUA

254 295 429 333 senatus
450 290 501 332 de
533 289 744 346 dignitate
778 304 870 330 esse
904 289 1138 337 voluerunt,
1165 288 1425 330 Concordiae
1447 289 1615 344 signum
1637 288 1805 329 volebat
1828 287 1869 328 in

256 357 372 399 curia
401 356 640 412 curiamque
663 356 699 396 ei
732 357 834 396 deae
857 355 1065 395 dedicare.
1130 354 1355 396 Praeclara
1377 355 1570 396 voluntas
1598 359 1726 409 atque
1757 353 1870 394 omni

255 423 380 464 laude
412 423 551 477 digna.
618 421 916 461 Praescribere
953 420 1061 461 enim
1097 435 1141 461 se
1175 421 1478 470 arbitrabatur,
1516 426 1562 461 ut
1595 420 1684 461 sine
1717 419 1871 460 studiis

259 488 533 529 dissensionis
574 486 812 528 sententiae
853 486 1105 534 dicerentur,
1149 485 1183 526 si
1220 487 1363 527 sedem
1404 486 1539 541 ipsam
1581 500 1629 526 ac
1666 485 1871 540 templum

256 554 412 610 publici
439 552 600 595 consilii
637 552 834 607 religione
863 551 1126 593 Concordiae
1160 552 1435 593 devinxisset.
1499 551 1563 591 Tu
1597 566 1723 606 quum
1745 550 1868 600 ferro,

257 635 386 676 quum
419 625 545 668 metu,
585 633 712 673 quum
754 617 918 666 edictis,
964 632 1093 672 quum
1134 617 1373 672 privilegiis,
1414 632 1542 673 quum
1578 615 1872 672 praesentibus

257 687 390 743 copiis
426 686 701 742 perditorum,
738 684 928 726 absentis
964 684 1179 725 exercitus
1211 689 1374 725 terrore
1406 690 1450 725 et
1482 683 1617 730 minis,
1655 682 1872 724 consulum

255 753 461 794 societate
493 756 535 792 et
562 751 720 792 nefario
742 751 912 791 foedere
944 750 1150 791 servitute
1183 765 1426 805 oppressam
1451 749 1665 790 civitatem
1687 753 1869 796 teneres,

259 818 491 860 Libertatis
522 817 687 871 signum
711 816 890 872 posuisti
919 816 1056 871 magis
1076 816 1130 856 ad
1166 816 1391 857 ludibrium
1428 814 1715 870 impudentiae
1744 828 1872 868 quam

254 884 309 925 ad
337 882 649 924 simulationem
681 882 909 938 religionis.
975 882 1050 923 Ille
1076 881 1117 922 in
1150 882 1266 923 curia
1289 897 1395 938 quae
1417 885 1587 937 poterat
1609 880 1699 921 sine
1731 880 1872 934 cujus-

254 965 380 1006 quam
412 949 677 990 incommodo
715 948 900 989 dedicari
937 949 959 971 ²*
1000 949 1023 971 *ἐ
1061 953 1108 989 tu
1145 948 1185 988 in
1224 948 1325 989 civis
1354 948 1513 1003 optime
1545 948 1596 988 de
1628 962 1672 988 re
1704 946 1872 1002 publica

252 1015 393 1057 meriti
425 1030 570 1056 cruore
593 1029 643 1055 ac
666 1029 797 1070 paene
826 1014 993 1055 ossibus
1025 1014 1295 1055 simulacrum
1318 1029 1401 1054 11011
1431 1013 1643 1054 libertatis
1664 1012 1869 1068 publicae,

253 1082 328 1123 sed
360 1081 556 1123 licentiae
594 1080 824 1122 collocasti.
889 1080 1034 1135 Atque
1067 1079 1135 1121 ille
1168 1085 1311 1121 tamen
1347 1079 1400 1120 ad
1433 1079 1653 1134 collegium
1676 1078 1867 1120 rettulit:

254 1152 302 1189 tu
334 1148 388 1188 ad
412 1162 533 1203 quem
556 1146 789 1188 rettulisti?
852 1145 896 1186 Si
920 1145 1020 1200 quid
1053 1145 1321 1195 deliberares,
1355 1145 1390 1186 si
1422 1146 1521 1201 quid
1544 1145 1621 1187 tibi
1657 1150 1732 1186 aut
1754 1144 1870 1199 pian-

253 1214 367 1263 dum,
391 1219 467 1254 aut
488 1212 793 1253 instituendum
816 1211 969 1253 fuisset
1002 1211 1205 1266 religione
1227 1211 1474 1260 domestica,
1497 1216 1641 1252 tamen
1671 1210 1870 1252 instituto

253 1284 490 1320 ceterorum
513 1283 656 1319 vetere
678 1278 732 1318 ad
765 1277 1008 1332 pontificem
1031 1276 1279 1318 detulisses:
1314 1292 1468 1318 novum
1500 1278 1719 1318 delubrum
1742 1291 1871 1332 quum

251 1345 293 1386 in
325 1344 442 1385 urbis
471 1343 702 1384 clarissimo
725 1343 829 1392 loco,
854 1342 1034 1384 nefando
1067 1343 1249 1398 quodam
1282 1347 1410 1398 atque
1438 1342 1628 1384 inaudito
1655 1343 1868 1392 instituto,

251 1399 488 1460 inchoares,
511 1409 776 1451 referendum
802 1409 856 1449 ad
885 1409 1131 1450 sacerdotes
1157 1408 1349 1464 publicos
1379 1424 1464 1449 non
1499 1408 1688 1464 putasti?
1750 1409 1814 1449 At
1835 1408 1870 1449 si

251 1476 474 1532 collegium
508 1475 758 1531 pontificum
796 1474 1080 1516 adhibendum
1118 1489 1201 1515 11011
1238 1474 1473 1523 videbatur,
1513 1481 1689 1515 nemone
1722 1474 1872 1515 horum

251 1543 329 1585 tibi
358 1542 534 1583 idoneus
556 1541 670 1582 visus
703 1546 780 1591 est,
807 1541 877 1596 qui
904 1545 1059 1591 aetate,
1098 1540 1271 1589 honore,
1306 1540 1566 1581 auctoritate
1597 1540 1868 1591 antecellunt,

250 1617 299 1650 ut
321 1624 415 1650 cum
448 1624 496 1649 eo
520 1607 829 1649 dedicationem
867 1606 1229 1647 communicares?
1292 1607 1482 1659 Quorum
1515 1607 1682 1661 quidem
1707 1611 1755 1648 tu
1787 1621 1870 1647 non

251 1674 560 1730 contempsisti,
601 1674 675 1715 sed
707 1672 963 1728 pertimuisti
1001 1672 1267 1727 dignitatem.
1347 1671 1448 1712 LII.
1502 1672 1573 1712 An
1610 1677 1656 1713 tu
1691 1673 1870 1713 auderes

251 1755 451 1796 quaerere
474 1755 526 1781 ex
562 1739 612 1781 Ρ.
639 1738 827 1788 Servilio,
862 1747 938 1779 aut
975 1753 1028 1778 ex
1065 1737 1129 1778 M.
1160 1737 1348 1788 Lucullo,
1386 1752 1563 1792 quorum
1586 1752 1665 1792 ego
1697 1737 1869 1779 consilio

250 1811 379 1862 atque
401 1805 661 1847 auctoritate
690 1820 778 1846 rem
816 1803 1027 1859 publicam
1060 1804 1206 1844 consul
1228 1819 1280 1844 ex
1302 1804 1454 1844 vestris
1486 1804 1680 1844 manibus
1711 1818 1760 1844 ac
1781 1804 1870 1844 fau-

253 1872 371 1913 cibus
394 1871 540 1927 eripui,
566 1871 816 1926 quibusnam
838 1869 978 1910 verbis
1000 1874 1075 1909 aut
1096 1884 1177 1923 quo
1201 1869 1297 1918 ritu,
1322 1869 1504 1924 primum
1526 1869 1605 1909 1106
1638 1869 1744 1917 dico,
1769 1869 1871 1910 civis

253 1938 425 1978 domum
447 1951 748 1983 consecraresg
786 1935 937 1975 deinde
974 1934 1199 1989 civisejus,
1235 1934 1300 1975 cui
1330 1935 1525 1989 princeps
1557 1939 1742 1982 senatus,
1778 1939 1871 1975 tum

252 2008 395 2044 autem
418 1998 586 2043 ordines
609 2016 768 2050 omnes,
792 2000 943 2041 deinde
968 2000 1094 2041 Italia
1115 2005 1222 2047 tota,
1247 2005 1343 2055 post
1367 2005 1547 2041 cunctae
1569 2005 1720 2055 gentes
1749 2000 1870 2041 testi>-

251 2068 440 2109 monium
482 2068 609 2123 hujus
651 2066 767 2107 urbis
800 2072 928 2121 atque
965 2066 1128 2121 imperii
1165 2066 1404 2107 conservati
1442 2066 1685 2108 dedissent?
1759 2066 1870 2118 Quid

256 2135 428 2185 diceres,
463 2149 487 2175 0
520 2133 701 2174 nefanda
753 2137 796 2173 et
836 2132 1072 2187 perniciosa
1111 2133 1228 2173 labes
1260 2131 1666 2183 civitatis3—Ades,
1711 2130 1866 2187 [ades,]

297 2241 541 2281 Praescribere]
574 2240 663 2270 Har-d
680 2244 713 2270 to
725 2240 932 2270 understand.
962 2240 1036 2270 Per·
1087 2240 1100 2280 [
1126 2240 1139 2280 ]
1156 2252 1162 2277 3
1187 2239 1245 2269 but
1262 2240 1326 2269 this
1343 2240 1368 2269 is
1385 2250 1403 2269 a
1420 2240 1565 2269 mistake.
1614 2245 1619 2255 ²
1636 2239 1804 2269 Inauditus
1818 2238 1825 2251 '
1842 2239 1869 2268 is

253 2285 333 2324 haps
363 2285 456 2315 Wolf
482 2285 539 2314 has
570 2284 749 2314 discovered
782 2284 837 2314 the
869 2284 1036 2322 meaning:

254 2328 488 2358 “Planioribus
516 2328 638 2357 verbis:
672 2327 826 2367 Sperabat
856 2328 889 2357 in
917 2328 1038 2357 Senatu

255 2372 398 2412 protinus
420 2372 522 2401 nullas
547 2371 759 2400 dissensiones
775 2371 899 2400 futuras
916 2381 995 2407 esse,
1014 2371 1038 2399 si

255 2416 374 2445 curiam
399 2415 474 2444 deae
495 2414 690 2444 Concordiae
714 2414 899 2444 dedicasset.
946 2414 1036 2443 Vah!

251 2458 402 2488 callidum
441 2458 628 2487 eonsilium!
669 2458 861 2497 praeclaram
893 2457 1039 2487 volunta-

256 2505 320 2532 tem
334 2500 369 2531 !”

300 2545 440 2575 absentis
456 2543 634 2582 exercilus]
679 2543 832 2573 Caesar’s.
869 2543 884 2572 Ι
903 2553 1041 2582 suppose

255 2589 281 2618 it
303 2588 367 2618 had
390 2597 460 2617 now
477 2587 534 2617 left
557 2587 612 2616 the
633 2589 721 2625 gates
738 2586 773 2615 of
795 2587 898 2616 Rome
916 2586 1039 2626 (Quum

258 2631 400 2666 Senatui,
429 2640 455 2660 c.
478 2631 526 2665 13,
554 2629 959 2669 note).—-—‘impudentiae'
992 2629 1039 2666 P.‚

258 2673 510 2715 ‘impudicitiae’
530 2673 578 2702 M.
598 2673 636 2703 V.

295 2728 401 2758 paene
417 2716 555 2756 ossibus]
605 2716 639 2746 If
653 2716 686 2745 in
702 2715 757 2745 the
773 2715 878 2751 blood,
896 2715 968 2754 why
983 2718 1041 2745 not

256 2763 288 2792 in
316 2762 371 2791 the
398 2761 496 2791 bones
523 2760 601 2789 too?
649 2759 715 2789 But
739 2758 793 2788 the
820 2759 924 2788 writer
948 2758 1039 2788 knew

256 2805 341 2835 what
357 2805 397 2835 he
413 2814 475 2834 was
491 2803 600 2833 about.
647 2802 679 2832 It
695 2812 757 2831 was
780 2802 913 2831 ‘almost
936 2801 969 2830 in
984 2802 1039 2831 the

256 2847 378 2879 bones.'
426 2848 485 2878 See
502 2847 610 2880 Quum
628 2845 768 2881 Senatui,
786 2856 812 2875 c.
834 2846 883 2880 15,
901 2847 984 2874 note.

301 2891 438 2931 quodam
455 2894 550 2930 atque
567 2888 729 2928 inaudito]
773 2891 779 2905 ‘
796 2889 898 2928 Supra
914 2897 1037 2917 versum

256 2935 353 2965 habet
370 2933 432 2972 P²,’
451 2934 577 2971 Baiter3
600 2933 670 2964 who
691 2935 766 2973 puts
782 2932 873 2962 these
888 2931 989 2962 words
1005 2931 1038 2961 in

1083 2294 1143 2313 one
1171 2283 1206 2313 of
1230 2284 1294 2313 this
1321 2283 1452 2312 writer's
1473 2283 1629 2313 favourite
1657 2283 1778 2319 words;
1806 2282 1869 2312 and

1083 2328 1109 2357 it
1130 2327 1233 2357 would
1261 2327 1301 2356 bc
1328 2337 1361 2356 as
1386 2327 1549 2366 improper
1569 2330 1602 2356 to
1626 2327 1706 2356 omit
1728 2326 1754 2356 it
1777 2336 1810 2355 as
1834 2328 1868 2356 to

1084 2371 1163 2400 omit
1181 2374 1300 2410 ‘paene
1312 2369 1444 2399 'before
1462 2372 1469 2386 ⁴
1481 2368 1627 2399 ossibus.'

1129 2413 1378 2452 dedicationem]
1429 2413 1488 2443 ‘de
1513 2411 1734 2449 dedicatione,’
1759 2412 1868 2448 Halm,

1085 2457 1230 2486 followed
1247 2456 1287 2496 by
1306 2457 1423 2486 Baiter.

1130 2502 1181 2530 52.
1215 2501 1368 2538 princeps
1392 2499 1549 2538 semina]
1600 2499 1651 2528 He
1679 2508 1751 2537 may
1776 2508 1869 2528 mean

1085 2543 1141 2572 the
1169 2543 1284 2572 Senate
1306 2543 1394 2577 first3
1419 2542 1459 2571 he
1483 2552 1539 2571 can
1564 2541 1675 2580 hardly
1699 2551 1790 2571 mean
1813 2542 1868 2571 the

1087 2585 1272 2625 ‘princeps'
1300 2586 1334 2614 of
1358 2585 1413 2614 the
1445 2584 1776 2614 Senatus-‘labem'
1807 2594 1869 2615 one

1086 2630 1122 2659 of
1135 2630 1184 2658 his
1201 2629 1353 2658 favourite
1368 2628 1480 2663 words,
1497 2628 1560 2658 like
1577 2632 1584 2645 ‘
1597 2626 1720 2667 paene.'

1129 2673 1227 2707 Ades,
1245 2671 1352 2710 [acles]
1367 2696 1374 2701 .
1391 2694 1397 2700 .
1411 2694 1417 2700 .
1433 2672 1594 2711 teneatis]
1623 2670 1795 2700 Markland
1811 2670 1867 2700 ob-

1086 2725 1189 2745 serves
1217 2715 1288 2744 that
1313 2715 1492 2745 Brissonius
1516 2715 1555 2745 de
1580 2715 1685 2744 Form.
1708 2714 1729 2743 i.
1754 2724 1774 2753 p
1807 2714 1867 2744 126

1086 2758 1190 2799 (103),
1211 2758 1288 2787 took
1313 2758 1394 2787 from
1421 2758 1485 2788 this
1510 2768 1640 2797 passage
1659 2757 1714 2787 the
1729 2757 1811 2786 form
1835 2756 1872 2786 of

1084 2802 1187 2831 words
1209 2801 1250 2841 by
1268 2801 1369 2831 which
1395 2801 1450 2831 the
1475 2801 1622 2831 Pontifex
1644 2811 1707 2830 was
1731 2799 1809 2829 used
1833 2802 1866 2829 to

1085 2845 1144 2874 call
1159 2845 1214 2874 the
1227 2845 1425 2883 magistrates
1439 2848 1471 2874 to
1483 2845 1538 2875 the
1551 2854 1718 2883 ceremony
1730 2843 1765 2872 of
1778 2842 1866 2872 dedi-

1084 2888 1198 2918 cation.
1259 2888 1333 2918 And
1365 2888 1537 2918 Markland
1567 2887 1644 2917 adds
1675 2887 1746 2916 that
1775 2886 1866 2915 there

1083 2931 1188 2962 would
1204 2931 1243 2961 be
1259 2942 1300 2961 110
1312 2941 1425 2962 reason
1441 2935 1474 2961 to
1492 2931 1626 2962 hesitate
1641 2930 1739 2961 about
1755 2929 1829 2966 this,
1842 2928 1870 2958 if
