2002 3235
766 174 898 218 GAP.
934 175 1115 219 17—19.
1662 185 1737 224 121

141 302 307 330 rumore
329 289 538 341 nonnullo,
573 294 616 331 et
637 289 789 331 studiis
811 290 1156 345 sermonibusque
1178 291 1501 345 competitorum
1524 301 1736 345 creverat3

141 355 286 404 altera,
311 356 420 410 quod
442 355 481 405 ii,
506 370 610 411 quos
638 355 679 395 in
711 355 922 411 provincia
947 371 996 396 ac
1024 356 1234 411 legatione
1258 356 1391 397 omnis
1413 362 1456 397 et
1477 357 1742 402 liberalitatis

141 426 186 462 et
220 421 390 463 virtutis
426 437 528 462 suae
563 426 698 462 testes
738 422 957 472 habuerat,
1002 423 1187 463 nondum
1229 422 1512 463 decesserant.
1577 424 1742 467 Horum

142 491 366 542 utrumque
392 487 428 527 ei
450 488 620 528 fortuna
640 487 693 527 ad
716 487 958 527 consulatus
979 487 1229 543 petitionem
1252 488 1495 529 reservavit.
1559 489 1669 530 Nam
1700 496 1743 532 et

144 551 194 592 L.
219 552 378 593 Luculli
410 553 632 603 exercitus,
671 552 741 607 qui
775 552 828 592 ad
861 552 1121 608 triumphum
1158 559 1423 602 convenerat,
1461 554 1571 595 idem
1604 570 1744 598 comes

146 616 195 657 L.
228 617 433 659 Murenae
466 623 632 673 praesto
666 617 769 658 fuit:
816 623 859 658 et
894 632 1045 659 munus
1081 618 1397 673 amplissimum,
1441 621 1553 674 quod
1593 621 1742 676 petitio

143 687 367 738 praeturae
403 683 681 733 desiderabat,
718 687 918 737 praetura
954 684 1157 725 restituit.
1221 684 1332 724 Num
1365 684 1440 725 tibi
1477 686 1581 726 haec
1617 702 1745 741 parva

144 748 339 789 videntur
360 749 604 803 adjumenta
625 752 667 789 et
690 747 875 788 subsidia
897 749 1168 790 consulatus?
1195 749 1388 790 voluntas
1410 749 1608 792 militum?
1639 767 1744 807 quae

145 829 272 868 quum
300 829 375 868 per
405 828 449 854 se
481 814 593 855 valet
619 813 898 864 multitudine,
933 829 1058 869 quum
1090 815 1200 868 apud
1231 829 1331 855 suos
1361 815 1510 870 gratia,
1535 821 1626 857 tum
1648 833 1743 859 vero

144 879 186 920 in
227 879 396 920 consule
439 879 687 919 declarando
726 879 904 920 multum
940 881 1069 921 etiam
1109 881 1220 935 apud
1262 881 1502 922 universum
1543 885 1743 939 populum

145 944 382 985 Romanum
400 943 672 985 auctoritatis
688 943 818 985 habet
835 945 1082 1000 suffragatio
1101 945 1315 993 militaris;
1342 946 1617 1002 imperatores
1634 950 1743 991 enim

145 1009 327 1051 comitiis
349 1010 650 1059 consularibus,
675 1024 757 1049 non
779 1011 999 1051 verborum
1021 1010 1277 1066 interpretes
1298 1011 1552 1067 deliguntur.
1606 1015 1744 1067 Quare

143 1076 284 1130 gravis
306 1082 371 1117 est
393 1075 462 1115 illa
484 1075 633 1123 oratio,
660 1079 684 1096 ‘⁶
706 1075 780 1115 Me
809 1076 994 1116 saucium
1016 1076 1244 1117 recreavit:
1279 1092 1344 1117 me
1366 1079 1522 1133 praeda
1544 1080 1715 1121 donavit
1733 1097 1741 1121 :

143 1142 222 1181 hoc
257 1141 361 1181 duce
398 1147 537 1182 castra
570 1140 765 1195 cepimus,
804 1140 924 1195 signa
958 1141 1235 1183 contulimus:
1279 1158 1505 1198 numquam
1539 1145 1619 1186 iste
1653 1146 1745 1200 plus

144 1206 266 1247 militi
288 1206 441 1247 laboris
463 1206 664 1261 imposuit
692 1221 816 1261 quam
846 1206 924 1247 sibi
957 1207 1138 1262 sumpsit
1170 1207 1288 1262 ipse;
1325 1224 1453 1264 quum
1486 1211 1618 1260 fortis,
1655 1217 1745 1252 tum

145 1272 273 1313 etiam
295 1272 433 1313 felix.”
496 1272 593 1313 Hoc
617 1272 762 1327 quanti
784 1281 907 1326 putas
929 1287 1020 1313 esse
1042 1273 1095 1312 ad
1117 1273 1269 1313 famam
1292 1274 1505 1315 hominum
1530 1291 1579 1317 ac
1601 1277 1744 1317 volun-

144 1338 305 1378 tatem?
368 1337 540 1377 Etenim
562 1337 596 1377 si
617 1342 739 1378 tanta
762 1337 840 1377 illis
863 1337 1044 1378 comitiis
1073 1338 1219 1392 religio
1247 1344 1312 1380 est
1343 1344 1391 1380 ut
1416 1341 1552 1382 adhuc
1581 1357 1744 1396 semper

145 1417 265 1442 omen
305 1401 482 1443 valuerit
523 1401 877 1456 praerogativum,
922 1402 1021 1457 quid
1055 1402 1205 1444 mirum
1239 1408 1304 1445 est
1340 1404 1382 1444 in
1418 1405 1497 1447 hoc
1530 1406 1744 1448 felicitatis

143 1467 295 1508 samam
319 1481 636 1521 sermonemque
660 1466 865 1507 valuisse?

204 1532 342 1573 XIX.
379 1532 461 1573 Sed
484 1533 517 1572 si
539 1533 642 1573 haec
664 1532 818 1573 leviora
844 1532 974 1582 ducis,
1006 1547 1112 1587 quae
1143 1538 1240 1575 sunt
1272 1535 1530 1588 gravissima,
1562 1542 1606 1578 et
1636 1538 1743 1579 hanc

143 1599 348 1638 urbanam
388 1598 732 1651 suffragationem
772 1597 942 1637 militari
983 1599 1218 1652 anteponis,
1261 1600 1344 1640 noli
1387 1600 1580 1642 ludorum
1620 1603 1744 1657 hujus

144 1663 396 1719 elegantiam
426 1668 469 1703 et
491 1677 641 1703 scenae
664 1662 1020 1716 magnificentiam
1044 1663 1163 1704 valde
1186 1670 1455 1706 contemnere
1474 1685 1484 1714 ς
1521 1682 1625 1722 quae
1646 1669 1743 1710 huic

143 1728 367 1769 admodum
395 1728 656 1783 profuerunt.
721 1727 831 1768 Nam
865 1727 965 1783 quid
999 1743 1077 1783 ego
1112 1729 1247 1770 dicam
1280 1731 1479 1785 populum
1511 1747 1561 1772 ac
1595 1734 1743 1788 vulgus

144 1793 433 1849 imperitorum
464 1793 573 1833 ludis
604 1807 757 1848 magno
792 1808 915 1848 opere
945 1793 1177 1834 delectari?
1240 1795 1386 1836 Minus
1408 1802 1474 1837 est
1495 1797 1742 1839 mirandum.

147 1859 408 1913 Quamquam
430 1857 527 1898 huic
549 1872 723 1899 caussae
746 1858 787 1898 id
809 1858 913 1900 satis
935 1863 1001 1899 est
1020 1875 1030 1906 ;
1066 1864 1165 1900 sunt
1187 1859 1296 1900 enim
1318 1861 1458 1916 populi
1486 1876 1535 1903 ac
1557 1863 1744 1906 multitu-

189 2006 305 2045 comes]
353 2005 430 2035 This
455 2005 481 2035 is
505 2005 559 2035 the
582 2005 680 2035 MSS.
706 2006 845 2045 reading,
874 2006 922 2036 for

144 2049 247 2079 which
291 2049 457 2078 Hotmann
507 2048 698 2078 substituted
743 2049 921 2085 ‘comitiis,'

144 2093 247 2122 which
273 2091 447 2122 Lambinus
468 2091 627 2130 accepted,
650 2092 712 2121 and
734 2092 789 2121 the
805 2093 922 2122 editors

144 2136 224 2165 have
250 2135 407 2174 generally
431 2134 585 2163 followed.
633 2135 648 2164 I
673 2144 724 2164 see
747 2145 788 2164 no
812 2145 921 2164 reason

144 2183 177 2209 at
202 2179 243 2208 all
266 2178 314 2207 for
338 2178 392 2207 the
415 2177 594 2206 alteration.
641 2177 725 2216 Why
750 2178 842 2207 could
865 2181 922 2207 not

146 2220 309 2252 Lucullus'
329 2231 429 2259 army,
455 2220 555 2249 which
579 2220 639 2249 had
665 2230 754 2249 come
777 2221 922 2259 together

144 2269 179 2295 to
208 2265 336 2294 witness
368 2264 416 2293 his
445 2264 597 2302 triumph,
630 2263 668 2292 be
699 2267 826 2302 present
856 2264 921 2293 also

145 2312 178 2338 to
209 2317 400 2346 accompauy
428 2307 574 2341 Murena,
603 2306 665 2335 and
697 2306 735 2335 be
763 2307 810 2335 his
837 2316 921 2335 com-

144 2351 235 2381 rades
251 2351 366 2389 again?
412 2350 456 2379 At
473 2350 520 2379 his
537 2350 670 2379 election
687 2349 723 2378 of
738 2359 857 2384 course,
875 2350 922 2379 for

145 2394 215 2423 that
231 2394 256 2423 is
273 2396 390 2429 meant,
407 2393 469 2422 and
489 2402 523 2422 so
540 2393 658 2432 plainly
680 2396 787 2422 meant
803 2393 872 2422 that
889 2396 922 2422 to

147 2447 201 2476 say
218 2437 242 2466 it
258 2437 283 2466 is
301 2436 509 2476 superfluous.

189 2480 357 2510 vorborum
383 2477 599 2518 z'ntevyaretmfl
648 2478 717 2508 The
749 2478 921 2517 ‘juriscon-

147 2523 243 2558 sulti,'
268 2522 373 2551 whose
389 2522 477 2552 office
494 2522 603 2552 Cicero
624 2521 650 2550 is
676 2522 842 2561 purposely
860 2522 922 2551 dis-

145 2566 305 2605 paraging.
351 2565 440 2604 They
470 2574 522 2594 are
554 2565 626 2594 ‘the
658 2565 861 2603 interpreters
891 2565 926 2594 of

145 2608 269 2643 words‚'
297 2607 351 2637 the
377 2618 448 2637 men
473 2608 577 2637 whose
600 2607 665 2637 talk
689 2608 751 2637 and
775 2608 922 2647 opinions

146 2656 220 2681 turn
238 2651 354 2689 mainly
371 2660 411 2679 on
428 2651 482 2680 the
499 2651 645 2689 meaning
661 2650 698 2679 of
710 2651 821 2680 words.

190 2693 611 2732 omen—J)raernyativum‚]
663 2693 694 2723 It
724 2704 786 2723 was
818 2694 921 2723 deter-

145 2737 252 2767 mined
276 2736 317 2775 by
334 2736 378 2765 lot
395 2736 495 2765 which
512 2739 519 2752 ‘
531 2735 690 2765 ccnturia’
715 2737 829 2766 should
848 2740 921 2766 vote

146 2781 234 2814 first3
258 2779 319 2808 and
339 2789 372 2808 as
388 2779 442 2808 the
458 2779 503 2808 lot
519 2789 580 2808 was
604 2780 762 2818 supposed
786 2783 818 2809 to
840 2780 920 2809 indi-

147 2826 215 2852 cate
231 2822 285 2851 the
302 2821 408 2851 choice
429 2822 465 2850 of
481 2822 535 2850 the
551 2821 639 2860 gods,
657 2822 711 2851 the
727 2826 798 2852 vote
814 2823 850 2852 of
866 2823 920 2852 the

148 2866 218 2895 first
246 2864 426 2894 ‘centuria'
449 2874 511 2894 was
535 2865 692 2904 generally
714 2865 859 2895 followed
879 2865 920 2904 by

147 2908 202 2940 thc
217 2910 291 2938 rest.
339 2907 370 2937 It
386 2917 446 2936 was
467 2917 507 2937 au
528 2917 631 2937 omen.
679 2908 788 2938 Cicero
809 2908 921 2948 speaks

966 2006 1001 2036 of
1009 2006 1073 2036 this
1083 2007 1175 2045 again
1185 2007 1217 2036 in
1229 2007 1277 2036 his
1291 2008 1412 2038 oration
1421 2009 1481 2039 Pro
1490 2010 1628 2046 Plancio,
1646 2021 1672 2041 c.
1685 2014 1742 2043 20:

968 2052 987 2066 ‘⁶
999 2050 1050 2079 An
1067 2050 1195 2079 tandem
1212 2061 1275 2079 una
1291 2052 1431 2082 centuria
1447 2055 1663 2092 praerogativa
1674 2059 1744 2085 tan-

968 2096 1035 2122 tum
1066 2093 1161 2122 habet
1188 2094 1394 2131 auctoritatis,
1422 2100 1458 2125 ut
1485 2107 1578 2126 nemo
1603 2108 1743 2137 unquam

967 2136 1052 2174 prior
1068 2146 1136 2165 eam
1152 2136 1261 2165 tulerit
1277 2138 1353 2176 qujn
1369 2139 1569 2169 renuntiatus
1585 2141 1625 2170 sit
1639 2142 1650 2170 ?
1664 2141 1682 2154 ''

1015 2180 1061 2208 19.
1086 2188 1198 2208 scenae
1214 2181 1499 2221 maym'ficentiam]
1529 2183 1618 2223 Pliny
1635 2184 1701 2223 (33.
1715 2195 1740 2215 C.

970 2220 1022 2260 16)
1047 2221 1101 2250 has
1121 2222 1288 2260 preserved
1311 2233 1330 2252 a
1353 2227 1439 2263 story
1464 2226 1499 2254 of
1519 2226 1574 2255 the
1601 2229 1744 2266 magnifi-

967 2274 1060 2293 cence
1076 2264 1112 2292 of
1132 2264 1295 2294 Murena’s
1318 2267 1421 2296 scenic
1437 2268 1645 2299 exhibitions:
1675 2274 1693 2287 ‘⁴
1706 2271 1742 2301 C.

966 2307 1126 2336 Antonius
1143 2307 1233 2337 ludos
1251 2318 1343 2338 scena
1358 2314 1506 2348 argentea
1529 2312 1612 2342 fecit.
1661 2313 1743 2344 Item

968 2349 1004 2378 L.
1023 2349 1160 2379 Murena
1176 2354 1208 2379 et
1224 2350 1318 2381 Caius
1334 2353 1480 2392 princeps
1491 2354 1523 2383 in
1535 2355 1615 2386 circo
1631 2366 1744 2395 pegma

967 2392 1067 2428 duxit,
1085 2393 1116 2421 in
1134 2403 1196 2432 quo
1212 2393 1298 2423 fuere
1314 2396 1433 2434 argenti
1451 2397 1556 2435 pondo
1578 2400 1741 2429 cxxnv.’'

968 2435 1003 2465 C.
1036 2436 1195 2465 Antonius
1233 2437 1258 2465 is
1296 2437 1350 2468 the
1388 2439 1546 2469 Antonius
1577 2442 1647 2471 who
1681 2453 1742 2472 was

968 2477 1105 2508 Cicero's
1122 2479 1280 2517 colleague
1296 2480 1328 2509 in
1344 2481 1399 2510 the
1416 2484 1607 2523 consulship.
1648 2485 1742 2515 Caius

968 2521 993 2550 is
1020 2521 1075 2550 the
1105 2531 1250 2560 emperor
1281 2523 1434 2561 Caligula.
1479 2526 1548 2555 The
1574 2527 1689 2566 chma
1716 2528 1741 2557 is

967 2564 1127 2594 described
1146 2564 1185 2603 by
1203 2566 1320 2595 Seneca
1338 2565 1412 2606 (Ep.
1430 2568 1503 2607 88):
1531 2572 1550 2585 ‘⁴
1565 2570 1623 2599 His
1639 2581 1741 2600 annu-

967 2617 1067 2636 meres
1085 2608 1313 2637 machinatores
1330 2610 1383 2647 qui
1405 2616 1549 2649 pegmata
1570 2622 1607 2641 ex
1625 2623 1657 2641 se
1673 2623 1741 2642 sur-

966 2651 1072 2688 gentia
1088 2651 1277 2687 excogitant,
1295 2655 1326 2680 et
1343 2652 1483 2682 tabulata
1499 2655 1592 2684 tacite
1611 2655 1642 2684 111
1667 2656 1741 2685 sub-

966 2694 1039 2722 lime
1056 2694 1237 2728 crescentia,
1255 2698 1286 2723 et
1301 2694 1376 2723 alias
1400 2705 1436 2724 ex
1461 2696 1622 2735 inopinato
1644 2699 1740 2728 varie-

966 2740 1067 2772 tates;
1091 2740 1145 2766 aut
1161 2736 1393 2766 dehiscentibus
1418 2748 1498 2776 quae
1519 2740 1739 2778 cohaerebant,

965 2783 1019 2809 aut
1036 2790 1115 2819 quae
1126 2780 1283 2809 distabant
1298 2790 1353 2808 sua
1366 2785 1478 2819 sponte
1491 2783 1739 2820 cohaerentibus,

965 2827 1019 2852 aut
1036 2823 1072 2851 iis
1089 2833 1168 2861 quae
1184 2823 1366 2852 eminebant
1382 2824 1533 2862 paulatim
1555 2825 1586 2855 in
1611 2836 1643 2856 sc
1664 2828 1740 2857 resi-

966 2864 1148 2895 dentibus.”
