2063 3242
297 129 380 170 162
773 121 951 164 ORAT.
986 120 1104 161 PRO
1139 119 1188 160 P.
1213 118 1417 160 SULLA

299 240 481 295 collegae
502 237 579 289 sui,
603 252 686 278 non
708 242 872 278 veteres
902 234 1037 285 amici,
1071 247 1248 288 quorum
1278 232 1345 273 ille
1377 231 1497 286 copia
1527 231 1737 286 quondam
1767 231 1897 272 abun-

300 307 434 355 darat,
469 318 550 345 non
584 303 626 343 hi
658 317 814 350 omnes,
851 301 920 356 qui
952 305 1051 341 sunt
1083 299 1124 339 in
1145 314 1190 339 re
1212 298 1379 353 publica
1400 297 1621 353 principes,
1646 297 1897 338 defuerunt?

297 371 423 411 immo
465 369 590 411 etiam
630 367 872 410 testimonio
914 366 1101 421 plerique
1142 364 1382 405 laeserunt?
1445 363 1697 404 Statuerant
1731 368 1899 403 tantum

299 435 398 476 illud
422 450 513 477 0550
535 433 797 481 maleficium,
823 431 934 486 quod
962 446 1045 472 non
1074 430 1199 470 modo
1235 428 1359 484 [non]
1395 428 1596 470 occultari
1627 443 1702 483 per
1733 442 1790 476 sc,
1823 429 1898 468 sed

301 501 429 542 etiam
469 499 618 555 aperiri
660 497 940 551 illustrarique
982 496 1169 536 deberet.
1248 494 1335 534 III.
1375 494 1654 546 Quamobrem
1695 493 1794 548 quid
1835 497 1900 533 est

301 567 413 622 quod
445 566 605 614 mirere,
639 564 674 604 si
706 578 800 604 cum
831 562 980 603 iisdem
1011 576 1078 602 me
1110 560 1152 601 in
1183 561 1262 601 hac
1295 575 1444 601 caussa
1466 559 1580 599 vides
1611 559 1769 605 adesse,
1804 572 1898 598 cum

302 632 453 688 quibus
485 631 526 671 in
555 629 709 671 ceteris
741 627 940 682 intelligis
967 626 1150 667 afuisse?
1212 625 1302 666 Nisi
1325 640 1422 665 vero
1447 638 1514 664 me
1536 638 1664 664 unum
1685 623 1746 663 vis
1766 624 1899 663 ferum

302 702 470 753 praeter
492 701 669 743 0010105,
692 708 759 734 1110
780 707 989 748 asperum,
1019 706 1085 732 me
1108 691 1379 731 inhumanum
1401 688 1643 738 existimari,
1674 704 1740 729 me
1762 688 1900 742 singu-

302 763 376 803 lari
399 761 663 803 immanitate
684 764 727 800 et
748 759 996 800 crudelitate
1019 758 1270 813 praeditum.
1334 755 1460 796 Hanc
1481 754 1582 795 mihi
1604 760 1651 796 tu
1673 754 1707 795 si
1729 759 1902 809 propter

303 843 417 869 meas
446 842 512 867 res
547 831 691 881 gestas
727 824 907 880 imponis
941 824 983 864 in
1017 823 1129 864 omni
1160 837 1253 863 mea
1281 822 1380 871 vita,
1405 820 1634 875 Torquate,
1665 834 1899 875 personam,

302 894 572 934 vehementer
593 905 719 932 erras.
782 890 856 930 Me
877 894 1030 930 natura
1051 888 1377 935 misericordem,
1402 886 1538 941 patria
1559 900 1747 926 severum
1765 901 1775 930 ς
1810 899 1902 925 cru-

304 959 437 1000 delem
473 972 550 999 nec
583 956 721 1012 patria
756 970 831 996 nec
865 960 1017 996 natura
1054 969 1145 995 esse
1178 953 1321 993 voluit.
1383 951 1576 1007 Denique
1612 951 1738 992 istam
1768 950 1902 1005 ipsam

302 1038 524 1079 personam
555 1022 844 1063 vehementem
881 1026 925 1062 et
964 1035 1114 1069 acrem,
1149 1033 1273 1073 quam
1306 1018 1406 1058 1111111
1438 1022 1528 1058 111111
1560 1021 1729 1072 tempus
1761 1021 1805 1057 et
1836 1030 1902 1056 res

303 1089 469 1144 publica
490 1087 700 1143 imposuit,
727 1088 814 1141 jam
838 1087 1032 1127 voluntas
1063 1091 1107 1126 et
1135 1091 1287 1125 natura
1313 1085 1403 1139 ipsa
1432 1083 1629 1125 detraxit.
1694 1082 1772 1122 Illa
1793 1081 1903 1122 enim

303 1156 357 1196 ad
380 1156 503 1196 breve
526 1160 692 1208 tempus
723 1152 991 1193 severitatem
1021 1150 1277 1207 postulavit3
1313 1150 1417 1190 haec
1440 1149 1481 1189 in
1503 1148 1615 1189 omni
1637 1148 1722 1189 vita
1743 1147 1903 1188 miseri—

305 1220 489 1261 cordiam
520 1218 820 1272 lenitatemque
853 1217 1076 1257 desiderat.
1139 1217 1278 1268 Quare
1314 1215 1415 1255 nihil
1447 1219 1511 1256 est
1550 1214 1659 1269 quod
1692 1228 1744 1254 ex
1781 1217 1902 1254 tanto

304 1286 507 1326 comitatu
541 1284 720 1324 virorum
755 1282 1106 1337 amplissimorum
1142 1296 1208 1322 me
1244 1295 1373 1321 unum
1408 1279 1642 1320 abstrahas.
1717 1278 1903 1333 Simplex

304 1350 484 1391 officium
514 1354 642 1404 atque
677 1362 757 1388 una
787 1352 853 1388 est
883 1348 1086 1388 bonorum
1118 1346 1301 1387 omnium
1332 1360 1492 1386 caussa.
1555 1344 1670 1385 Nihil
1691 1344 1771 1384 erit
1792 1343 1903 1398 quod

303 1415 508 1456 admirere
543 1414 732 1469 posthac,
775 1413 809 1453 si
845 1413 887 1453 in
923 1427 972 1454 ea
1005 1418 1125 1468 parte
1158 1412 1199 1452 in
1236 1426 1317 1467 qua
1353 1411 1429 1451 hos
1461 1408 1808 1451 animadverteris
1838 1423 1904 1449 me

304 1480 477 1521 videbis.
526 1480 650 1520 Nulla
672 1483 737 1520 est
759 1478 868 1519 enim
890 1478 932 1519 in
953 1493 997 1519 re
1019 1478 1186 1533 publica
1207 1492 1299 1517 mea
1321 1491 1470 1518 caussa
1490 1475 1669 1531 propria.
1722 1474 1905 1529 Tempus

304 1546 457 1601 agendi
494 1546 575 1587 fuit
608 1545 741 1600 magis
774 1544 875 1585 mihi
911 1544 1128 1599 proprium
1162 1558 1287 1598 quam
1324 1542 1504 1590 ceteris;
1545 1540 1699 1582 doloris
1732 1555 1829 1581 vero
1861 1544 1905 1580 et

307 1612 473 1653 timoris
495 1616 536 1652 et
559 1610 730 1666 periculi
753 1610 832 1651 fuit
853 1610 922 1650 illa
944 1624 1091 1650 caussa
1113 1608 1356 1650 communis.
1419 1607 1565 1662 Neque
1581 1607 1689 1648 enim
1711 1605 1906 1661 princeps

309 1681 411 1718 tunc
444 1677 495 1716 ad
533 1676 711 1717 salutem
745 1690 836 1716 esse
869 1675 1112 1730 potuissem,
1148 1674 1182 1715 si
1218 1673 1286 1714 alii
1321 1673 1495 1714 comites
1532 1686 1623 1713 esse
1661 1671 1905 1711 noluissent.

310 1741 448 1793 Quare
469 1756 640 1781 necesse
663 1747 741 1790 est,
765 1741 875 1796 quod
898 1740 999 1780 mihi
1021 1739 1180 1780 consuli
1203 1738 1476 1793 praecipuum
1497 1737 1577 1778 fuit
1598 1741 1766 1792 praeter
1786 1735 1902 1784 alios,

306 1806 347 1847 id
373 1807 462 1860 jam
494 1806 656 1861 privato
689 1821 782 1847 cum
815 1805 967 1847 ceteris
998 1819 1088 1846 esse
1121 1818 1354 1845 commune.
1416 1803 1563 1858 Neque
1594 1817 1673 1858 ego
1705 1802 1784 1842 hoc
1812 1816 1905 1856 par-

307 1872 473 1913 tiendae
494 1871 684 1920 invidiae,
709 1872 782 1912 sed
805 1870 1174 1912 communicandae
1200 1869 1335 1910 laudis
1364 1883 1513 1909 caussa
1532 1868 1692 1923 loquor.
1755 1866 1906 1908 Oneris

1130 2011 1163 2031 so
1188 2000 1250 2030 bad
1273 2000 1342 2030 that
1366 2010 1448 2029 110110
1471 1999 1507 2029 of
1526 1999 1575 2029 his
1598 1999 1728 2029 brother
1744 1999 1907 2029 clubsmen

1129 2044 1231 2073 would
1256 2044 1328 2083 help
1345 2043 1422 2073 him.
1470 2042 1503 2072 If
1522 2043 1592 2072 that
1608 2043 1633 2073 is
1650 2046 1730 2079 true,
1756 2043 1805 2072 his
1821 2045 1907 2072 must

307 2003 447 2043 legium,’
474 2013 535 2032 one
557 2002 593 2032 of
612 2002 666 2032 the
690 2012 797 2032 names
813 2002 862 2032 for
884 2012 924 2031 an
940 2001 1084 2031 artificia}

308 2057 422 2087 person
449 2046 536 2086 (Vol.
559 2046 586 2075 I.
611 2046 721 2080 Index,
749 2046 876 2081 Person,
903 2044 1083 2084 Artificial).

309 2090 483 2128 Collegium
501 2100 537 2119 or
553 2089 675 2128 Corpus
692 2089 717 2119 is
734 2089 788 2118 the
811 2099 904 2118 name
927 2088 976 2117 for
994 2088 1086 2117 those

307 2133 510 2163 associations
523 2133 559 2161 of
568 2142 697 2170 persons
709 2142 743 2161 or
756 2132 971 2171 corporations
985 2131 1084 2160 which

308 2177 383 2206 bear
403 2187 421 2205 a
442 2175 655 2205 resemblance
676 2179 708 2204 to
726 2175 794 2204 that
818 2176 907 2214 unity
924 2175 1024 2204 which
1041 2184 1086 2203 we

309 2220 367 2250 eall
391 2229 409 2248 a
432 2222 515 2248 town
540 2228 575 2247 or
590 2229 608 2247 a
624 2219 696 2257 city.
743 2218 811 2247 The
835 2218 992 2247 members
1012 2217 1086 2246 with

308 2266 431 2302 respect
452 2266 485 2290 to
507 2271 566 2291 one
582 2262 715 2290 another
731 2271 810 2290 were
826 2261 924 2290 called
941 2260 1088 2298 Collegae

309 2317 345 2336 or
370 2305 509 2335 SodaleS.
554 2304 657 2333 There
681 2314 761 2333 were
786 2304 931 2343 religious
955 2304 1088 2333 associa—

308 2350 392 2379 tions
423 2358 458 2377 or
488 2347 711 2386 00111013110115,
744 2347 876 2385 colleges
901 2347 936 2376 of
962 2347 1086 2385 priests,

310 2392 450 2431 Collegia
465 2391 654 2429 templorum
669 2401 677 2426 ;
701 2389 755 2419 the
768 2390 907 2428 Collegia
928 2390 963 2419 of
975 2389 1087 2419 official

310 2445 450 2475 persons,
467 2444 501 2463 as
519 2432 663 2468 S‹·ribae;
688 2433 903 2471 corporations
919 2433 954 2461 of
966 2432 1085 2468 trades;

308 2479 371 2508 and
388 2477 527 2515 Collegia
544 2476 591 2506 for
604 2476 697 2505 social
711 2485 873 2514 purposes,
889 2475 1086 2509 sodalitates,

310 2521 472 2556 sodalitia,
487 2519 627 2557 Collegia
643 2518 804 2553 Sodalitia,
818 2528 852 2547 or
865 2518 973 2553 Clubs,
985 2518 1086 2547 which

309 2564 430 2603 though
448 2562 538 2592 made
553 2562 601 2590 for
617 2561 710 2590 social
734 2571 886 2599 purposes
906 2561 1085 2589 sometimes

310 2608 370 2638 had
387 2618 405 2637 a
421 2605 559 2646 politieal
576 2605 743 2634 character.
791 2604 851 2632 We
864 2604 904 2632 do
921 2607 977 2632 not
993 2604 1085 2632 know

310 2656 342 2681 to
359 2650 442 2680 what
458 2648 534 2678 kind
551 2648 586 2677 of
599 2647 737 2685 Collegia
755 2646 864 2676 Cicero
880 2647 1010 2681 alludes,
1028 2646 1085 2675 but

309 2693 461 2734 probably
479 2692 517 2721 he
533 2690 651 2720 alludes
668 2693 700 2719 to
719 2689 877 2719 Sodalitia.
927 2689 967 2724 If,
984 2699 1016 2717 as
1040 2699 1086 2718 we

310 2748 382 2777 may
413 2734 575 2769 conclude,
607 2733 696 2762 these
734 2732 822 2761 cluhs
861 2731 972 2770 helped
1004 2731 1086 2760 their

310 2780 467 2810 members
483 2778 515 2807 in
532 2777 624 2806 times
640 2776 675 2805 of
694 2775 856 2814 difficulty,
880 2775 906 2804 it
922 2775 946 2803 is
963 2784 1035 2813 easy
1052 2778 1085 2803 to

310 2834 361 2853 see
377 2824 461 2852 what
477 2819 676 2850 ‹listnrbance
693 2818 767 2857 they
785 2817 886 2856 might
905 2817 1085 2846 sometimes

310 2867 413 2897 make.
462 2865 616 2895 Howcver
631 2862 686 2892 the
702 2871 771 2892 0350
787 2861 820 2891 01
834 2860 1007 2891 Autronius
1025 2870 1085 2890 was

1130 2087 1242 2117 indeed
1261 2087 1340 2116 have
1356 2086 1435 2116 been
1452 2096 1469 2115 3
1485 2086 1546 2115 bad
1563 2096 1642 2116 0350.

1174 2140 1236 2160 non
1253 2131 1344 2160 modo
1366 2129 1488 2168 [non]]
1538 2129 1606 2159 The
1623 2128 1737 2159 second
1759 2128 1854 2168 [non]
1881 2128 1907 2158 15

1131 2173 1263 2203 omitted
1280 2173 1320 2212 by
1335 2173 1389 2202 the
1402 2173 1473 2202 Ms.
1487 2173 1588 2202 which
1603 2173 1720 2203 Gruter
1731 2172 1805 2201 calls
1819 2175 1826 2188 ⁴
1841 2172 1906 2201 Pal.

1133 2227 1235 2246 nonus
1248 2215 1255 2228 '
1287 2216 1386 2245 which
1414 2226 1476 2245 was
1507 2216 1538 2244 in
1566 2216 1620 2244 1110
1644 2215 1759 2254 library
1789 2215 1824 2244 of
1852 2215 1908 2244 the

1133 2260 1260 2289 Elector
1292 2259 1451 2289 Palatine:
1490 2262 1508 2275 ‘⁴
1523 2259 1576 2288 sed
1608 2259 1670 2287 heu
1699 2258 1759 2287 ista
1789 2258 1908 2287 famosa

1132 2303 1322 2332 bibliotheca
1338 2302 1397 2331 fuit.
1411 2302 1417 2331 1
1455 2302 1494 2331 111
1511 2301 1593 2330 bello
1612 2301 1798 2331 Germanico
1815 2301 1908 2340 periit

1132 2350 1163 2375 et
1179 2346 1301 2384 direpta
1316 2345 1376 2374 fuit
1392 2354 1427 2373 30
1442 2354 1557 2382 magna
1578 2354 1648 2383 pars
1672 2344 1705 2373 in
1722 2344 1906 2373 Vaticanam

1131 2388 1316 2418 translata.’'
1362 2387 1439 2417 This
1465 2391 1471 2403 ‘
1489 2388 1552 2416 Pal.
1580 2386 1702 2416 nonus’
1727 2387 1753 2416 15
1781 2387 1907 2416 Halm’s

1131 2431 1171 2460 V.
1210 2430 1447 2471 (Introduction
1470 2433 1502 2459 to
1522 2430 1584 2459 this
1608 2429 1758 2470 oration.)
1804 2430 1908 2459 There

1132 2475 1157 2503 is
1173 2474 1337 2513 perpetual
1353 2473 1516 2503 confusion
1538 2473 1635 2502 about
1656 2474 1709 2502 the
1726 2473 1804 2502 form
1825 2476 1831 2489 ‘
1845 2483 1908 2502 non

1131 2517 1245 2546 modo'
1270 2516 1332 2546 and
1360 2519 1367 2532 ⁴
1380 2526 1443 2545 non
1467 2515 1561 2545 modo
1585 2515 1671 2545 non.’
1717 2516 1786 2545 The
1803 2519 1885 2546 ‘non
1899 2516 1906 2529 ’

1131 2559 1230 2598 ought
1251 2563 1306 2589 not
1329 2563 1362 2589 10
1387 2559 1477 2588 stand
1503 2559 1587 2588 11010.
1637 2559 1731 2588 Halm
1756 2559 1813 2588 has
1834 2560 1859 2588 it
1875 2559 1908 2589 in

1130 2603 1178 2632 his
1196 2606 1273 2631 text.

1174 2647 1203 2675 3.
1223 2644 1425 2684 per-somma]
1469 2644 1527 2673 See
1559 2645 1618 2674 Pro
1650 2644 1796 2681 Murena,
1823 2655 1849 2674 0.
1875 2646 1906 2680 3,

1131 2691 1269 2717 note—⁴
1285 2688 1419 2726 simplex
1443 2688 1578 2717 officium
1592 2688 1611 2717 ε’
1637 2688 1713 2727 duty
1738 2689 1762 2717 is
1784 2688 1906 2727 simple,

1130 2731 1225 2770 plain,
1240 2731 1321 2759 alike
1333 2731 1380 2759 for
1392 2731 1433 2760 all
1448 2743 1454 2766 ς
1479 2731 1539 2760 aud
1552 2731 1605 2761 the
1618 2741 1754 2766 reasons,
1769 2731 1907 2769 grounds

1132 2772 1268 2814 (caussa)
1287 2774 1322 2803 of
1339 2774 1416 2813 duty
1433 2784 1485 2803 are
1501 2774 1555 2803 the
1572 2784 1657 2803 same
1672 2774 1721 2803 for
1736 2774 1776 2803 all
1794 2775 1908 2803 honest

1131 2820 1268 2846 111011.---ι
1277 2817 1421 2856 princeps
1430 2816 1449 2846 :'
1463 2820 1530 2856 ‘ego
1540 2820 1614 2847 tunc
1622 2817 1789 2857 princeps‚⁷
1799 2817 1907 2854 Halm,

1130 2859 1289 2899 following
1304 2859 1340 2889 T.
1356 2860 1393 2890 V.
