2063 3242
332 193 415 231 5542
807 189 988 233 ORAT.
1021 190 1141 232 PRO
1176 190 1227 231 P.
1261 189 1476 232 SESTIO

330 320 383 346 ex
410 319 566 360 genere
599 304 836 346 orationem
868 319 1052 360 aucuper
1082 310 1125 346 et
1147 319 1292 346 omnes
1324 305 1507 360 undique
1540 304 1738 346 flosculos
1774 319 1940 360 carpam

328 376 458 426 atque
491 371 686 412 delibem.
750 371 846 412 Scio
879 371 978 426 quid
1013 370 1202 426 gravitas
1235 376 1389 420 vestra,
1429 371 1529 426 quid
1565 371 1668 411 haec
1704 370 1941 422 advocatio,

329 437 430 492 quid
452 436 518 477 ille
533 441 781 486 conventus,
807 436 906 491 quid
929 435 1116 491 dignitas
1140 435 1187 478 P.
1207 436 1348 487 Sestii,
1374 436 1473 492 quid
1490 435 1662 491 periculi
1678 435 1938 490 magnitudo,

330 503 430 558 quid
451 508 584 553 aetas,
608 503 708 558 quid
735 502 868 543 1101103
899 516 1018 542 1110113
1039 501 1242 557 postulet.
1304 502 1388 542 Sed
1424 502 1525 542 mihi
1559 502 1717 557 sumpsi
1743 501 1823 543 1100
1849 501 1940 542 1000

330 569 571 611 doctrinam
607 568 818 624 quandam
855 567 1073 622 juventuti
1103 567 1174 622 qui
1209 572 1352 608 essent
1390 567 1633 623 optimates.
1696 566 1746 607 In
1783 581 1833 607 ea
1869 581 1940 607 ex-

328 635 524 691 plicanda
556 633 932 676 demonstrandum
968 637 1035 674 est
1069 647 1153 673 11011
1193 647 1286 674 0330
1327 633 1549 688 populares
1585 648 1730 674 omnes
1767 647 1839 673 eos
1872 631 1941 687 qui

328 706 545 756 putentur.
613 700 662 740 Id
680 699 875 740 facillime
898 714 1145 754 consequar,
1170 699 1205 740 si
1227 699 1409 740 universi
1426 699 1564 754 populi
1578 698 1779 753 judicium
1796 712 1942 739 verum

327 772 372 807 et
394 766 683 822 incorruptum
705 770 749 807 et
770 765 805 805 si
827 765 999 806 intimos
1020 779 1167 806 sensus
1189 764 1373 806 civitatis
1404 779 1665 820 expressero.
1729 763 1841 816 Quid
1861 763 1942 805 fuit

328 831 429 872 illud
451 832 574 886 quod,
600 830 760 872 recenti
782 830 932 871 nuntio
961 831 1012 871 de
1040 830 1108 871 illo
1136 836 1310 872 senatus
1335 830 1528 872 consulto
1551 830 1662 886 quod
1692 830 1853 870 factum
1875 834 1942 871 est

327 897 369 938 iu
392 897 549 953 templo
574 896 764 939 Virtutis
792 897 846 937 ad
877 896 998 937 ludos
1029 911 1282 952 scenamque
1314 896 1488 951 perlato,
1514 910 1710 936 consessu
1745 894 1938 945 maximo,

326 978 516 1004 summus
548 963 703 1005 artifex
735 968 779 1004 et
800 962 1036 1003 mehercule
1071 976 1239 1017 semper
1273 962 1457 1018 partium
1494 961 1535 1002 in
1569 976 1613 1002 re
1650 961 1818 1016 publica
1853 964 1941 1001 tam

327 1043 453 1084 quam
482 1028 524 1068 in
555 1043 681 1070 scena
702 1028 970 1083 optimarum,
994 1027 1100 1068 flens
1131 1033 1175 1069 et
1197 1027 1354 1069 recenti
1385 1027 1547 1068 laetitia
1570 1032 1613 1068 et
1634 1027 1767 1067 mixto
1797 1026 1940 1066 dolore

326 1109 378 1135 ac
404 1094 613 1135 desiderio
645 1093 740 1142 mei,
764 1093 853 1147 egit
883 1093 996 1148 apud
1027 1092 1228 1149 populum
1251 1093 1488 1134 Romanum
1518 1092 1652 1133 multo
1677 1091 1940 1146 gravioribus

327 1159 465 1201 verbis
486 1174 620 1200 meam
645 1173 839 1200 caussam
853 1173 978 1213 quam
992 1162 1163 1213 egomet
1177 1158 1228 1199 de
1243 1173 1308 1199 1110
1329 1172 1456 1213 agere
1472 1157 1703 1213 potuissem
1721 1158 1734 1197 ἓ
1779 1156 1940 1197 Summi

327 1225 437 1265 enim
459 1230 612 1280 poetae
634 1224 848 1279 ingenium
870 1238 953 1264 11011
985 1223 1118 1265 30111111
1147 1229 1240 1265 arte
1272 1238 1361 1273 sua,
1384 1224 1458 1264 sed
1488 1223 1618 1264 etiam
1641 1223 1782 1264 dolore
1804 1222 1941 1278 expri-

326 1292 483 1332 mebat.
547 1290 579 1344 †
604 1291 697 1344 Qua
721 1290 860 1331 enim:

797 1359 821 1377 “
835 1355 906 1411 qui
927 1370 1015 1396 rem
1038 1355 1251 1411 publicam
1273 1359 1392 1397 certo
1413 1355 1553 1396 animo
1574 1356 1797 1411 adjuverit,

620 1422 843 1472 statuerit,
869 1421 1038 1463 steterit
1061 1437 1158 1463 cum
1181 1421 1359 1463 Achivis
1377 1422 1459 1452 ”--

326 1490 544 1532 vobiscum
579 1506 646 1531 me
678 1490 849 1531 stetisse
881 1489 1062 1540 dicebat,
1099 1494 1265 1530 vestros
1301 1489 1471 1530 ordines
1497 1489 1842 1531 demonstrabat:
1878 1504 1940 1530 re-

326 1558 560 1598 vocabatur
581 1557 633 1597 ab
651 1555 916 1597 universis—

1155 1624 1182 1645 “
1197 1636 1241 1662 re
1264 1621 1391 1662 dubia

503 1687 626 1730 Haut
648 1687 854 1729 dubitarit
875 1687 1006 1729 vitam
1028 1686 1178 1728 offerre
1200 1701 1278 1728 1100
1302 1687 1430 1743 capiti
1452 1686 1732 1743 pepercerit.”

326 1830 436 1850 means
452 1820 537 1849 what
553 1820 578 1849 it
594 1820 695 1859 ought
712 1822 744 1850 to
762 1829 865 1855 1110311,
884 1822 891 1835 ‘
907 1818 1030 1848 unused
1046 1821 1079 1848 to
1092 1817 1112 1854 ;’

327 1874 360 1893 as
382 1864 414 1893 in
441 1864 592 1899 Terence,
623 1863 754 1899 Andria,
772 1873 802 1893 v.
830 1865 861 1893 4.
884 1864 915 1897 4,
941 1866 960 1879 “
975 1862 1061 1894 Quid
1077 1866 1113 1892 tu

327 1907 464 1937 Athenis
480 1907 618 1936 insolens
631 1907 642 1936 ?
655 1906 677 1919 '⁷
704 1907 839 1941 Horace,
854 1905 960 1935 Carm.
971 1905 991 1935 i.
1008 1908 1038 1941 5,
1057 1905 1113 1934 has

329 1953 348 1966 ‘⁴
363 1950 558 1979 Emirabitur
594 1948 769 1979 insolens.'’
818 1949 914 1978 Halm
950 1958 1113 1987 compares

330 1993 391 2022 Pro
407 1993 499 2022 Rosc.
517 1993 589 2022 Am.
608 2003 634 2022 c.
650 1993 687 2022 31
703 2002 709 2019 :
737 1995 900 2032 “propter
913 1991 1113 2030 forijudicio-

328 2046 464 2075 rumque
476 2034 716 2066 insolentiam.’'

373 2079 568 2118 advocatia]
634 2079 693 2108 Pro
730 2078 845 2108 Roscio
882 2078 972 2108 Com.
1013 2088 1040 2107 c.
1081 2079 1111 2112 5,

329 2122 401 2152 Vol.
435 2122 537 2152 ΙΙ.--ι
549 2122 625 2161 quid
652 2126 738 2151 aetas
751 2122 770 2151 z'
806 2122 916 2151 Cicero
947 2131 1010 2151 was
1042 2131 1112 2151 now

329 2166 398 2205 fifty
415 2176 504 2205 years
520 2166 583 2201 old,
601 2176 634 2195 as
654 2166 748 2195 Halm
765 2165 905 2194 reminds
921 2168 1024 2194 us.—⁴
1037 2164 1111 2194 doc-

329 2210 445 2239 trinam
475 2233 482 2239 .
501 2232 507 2238 .
527 2232 534 2238 .
557 2209 719 2248 juventuti
747 2209 801 2248 qui
823 2208 960 2238 essent:’
986 2210 1023 2237 ‘a
1050 2208 1111 2238 les-

330 2263 388 2282 3011
405 2253 452 2282 for
468 2253 567 2292 youth
583 2256 615 2282 to
626 2253 682 2282 tell
694 2252 782 2282 them
795 2252 866 2281 who
882 2262 934 2281 are
950 2251 1005 2281 the
1018 2251 1111 2291 Opti-

330 2295 454 2325 mates.’

379 2339 465 2375 Quid
478 2339 552 2377 suit
577 2339 660 2368 illud
687 2338 799 2378 quod]
849 2338 969 2368 ‘What
994 2341 1079 2367 must
1095 2338 1111 2367 I

331 2392 385 2421 say
402 2382 437 2411 of
460 2382 532 2417 this,
559 2381 651 2418 that,’
679 2392 715 2412 or
741 2392 803 2421 any
819 2382 909 2419 thing
928 2381 992 2411 else
1007 2384 1041 2410 to
1058 2381 1113 2410 the

330 2426 393 2455 like
412 2425 505 2455 effect
531 2425 593 2454 will
620 2425 671 2454 do.
729 2425 825 2454 Halm
852 2424 1064 2454 understands
1088 2424 1114 2453 it

330 2469 426 2508 right,
460 2471 467 2485 ⁴
480 2479 575 2508 quam
607 2468 802 2508 praeclarum
829 2468 889 2497 fuit
919 2467 1019 2505 illud,’
1052 2468 1110 2497 &c.

331 2512 401 2542 The
417 2515 479 2542 two
497 2512 635 2541 German
653 2511 839 2540 translators
855 2511 959 2540 whom
974 2510 1014 2540 he
1035 2511 1112 2540 cites

331 2565 384 2585 are
400 2555 479 2585 both
495 2565 622 2593 wrong3
648 2554 806 2584 Osiander
822 2554 848 2584 is
864 2563 924 2583 one
940 2554 975 2583 of
987 2553 1086 2583 them.

380 2598 536 2638 Virtutis]
588 2601 606 2614 ‘⁴
627 2598 784 2627 ‘Virtutis
799 2597 806 2610 '
832 2596 929 2626 habet
961 2598 999 2626 A.
1023 2597 1113 2635 cujus

331 2652 459 2682 quoque
500 2641 684 2671 testimonio
730 2640 888 2670 refutatur
933 2639 1114 2677 conjectura

332 2685 495 2721 Garatoni,
516 2685 570 2724 qui
596 2685 629 2714 in
658 2684 732 2714 Cur.
751 2694 812 2713 300.
837 2683 875 2712 ad
905 2683 1010 2712 Planc.
1029 2693 1054 2712 c.
1072 2684 1114 2712 32

330 2733 553 2768 proposuerat:
580 2729 613 2758 in
635 2728 751 2766 templo
774 2724 1113 2756 Honoris-Virtulz's'’

353 2772 445 2802 Halm
470 2795 476 2802 .

333 2772 344 2812 (
374 2772 517 2845 sumtizus
547 2813 687 2853 artifeoe]
746 2813 901 2852 Aesopus,
930 2812 985 2842 the
1014 2815 1112 2847 actor,

331 2869 392 2888 one
409 2855 444 2888 o'f
457 2859 511 2888 the
527 2858 701 2897 few-actors
715 2857 820 2887 whose
834 2865 942 2886 names
955 2855 1034 2885 have
1046 2865 1113 2884 sur-

331 2902 421 2932 vived
434 2914 440 2932 ι

1419 1829 1455 1848 03
1471 1829 1569 1858 quum
1586 1818 1816 1858 reprehendere
1832 1829 1927 1850 coner

1159 1862 1250 1895 Quae
1265 1863 1368 1901 gravis
1384 1862 1541 1901 Aesopus,
1560 1872 1640 1901 quae
1667 1862 1779 1892 doctus
1806 1863 1941 1893 Roscius

1203 1904 1302 1944 egit.”
1535 1905 1631 1945 (Hor.
1650 1906 1711 1945 Ep.
1729 1906 1761 1935 ii.
1783 1907 1809 1936 1.
1827 1906 1896 1947 81.)

1162 1983 1212 2012 Ηο
1236 1982 1298 2011 had
1320 1993 1338 2012 a
1358 1992 1414 2011 son
1439 1982 1510 2012 who
1537 1985 1630 2022 spent
1653 1983 1686 2012 111
1714 1986 1941 2022 extravagance

1158 2026 1242 2055 what
1259 2026 1308 2056 his
1324 2025 1426 2055 father
1445 2026 1559 2055 earned
1578 2026 1618 2065 by
1634 2026 1712 2055 hard
1728 2026 1851 2056 labour.
1898 2026 1940 2056 So

1159 2069 1213 2099 the
1229 2069 1326 2098 world
1343 2069 1368 2098 is
1384 2069 1499 2108 always
1516 2069 1571 2099 the
1588 2080 1673 2099 same
1688 2082 1694 2099 ε

1171 2132 1189 2146 “
1204 2129 1300 2202 Fillius
1324 2129 1442 2169 Aesopi
1466 2129 1639 2159 detractam
1664 2140 1701 2159 ex
1725 2140 1799 2160 aure
1823 2129 1940 2160 Metel-

1257 2182 1303 2209 ae,

1202 2216 1329 2246 Scilicet
1359 2218 1395 2246 ut
1430 2215 1532 2246 decies
1572 2216 1710 2246 solidum
1744 2216 1939 2253 exsorberet,

1202 2263 1341 2333 Dialiiiiettfi'
1468 2302 1565 2344 (Hor.
1581 2303 1646 2333 Sat.
1663 2303 1695 2333 ii.
1713 2304 1742 2333 3.
1759 2313 1787 2333 v.
1805 2301 1895 2343 239.)

1157 2378 1226 2408 The
1238 2378 1395 2407 Scholiast
1410 2387 1492 2417 says,
1510 2377 1687 2416 “Aesopus
1703 2377 1804 2416 egisse
1816 2377 1941 2407 videtur

1159 2422 1246 2452 Accii
1270 2421 1420 2458 fabulam,
1441 2431 1521 2460 quae
1546 2420 1729 2450 inscribitur
1754 2420 1939 2460 Eurysaces,

1157 2466 1201 2494 ita
1218 2468 1253 2494 ut
1269 2474 1325 2503 per
1341 2474 1468 2494 omnem
1487 2463 1619 2493 actionis
1645 2473 1771 2493 cursum
1795 2467 1941 2502 tempora

1157 2509 1200 2538 rei
1217 2507 1362 2547 publicae
1381 2507 1633 2545 significarentur
1655 2510 1687 2535 et
1704 2506 1832 2546 quidem
1850 2507 1940 2537 Cice-

1157 2551 1244 2581 ronis
1258 2551 1387 2580 fortuna
1405 2549 1655 2589 deploraretur.⁷'

1203 2594 1290 2633 apud
1309 2592 1483 2632 populum]
1535 2593 1620 2631 ‘egit
1647 2593 1731 2632 apud
1754 2592 1789 2622 P.
1808 2591 1861 2623 Rs
1888 2593 1939 2629 G.‚

1162 2637 1256 2667 Halm
1276 2635 1337 2676 (2).
1385 2636 1424 2665 In
1443 2634 1491 2675 (1)
1509 2636 1603 2665 Halm
1621 2636 1678 2665 has
1690 2639 1697 2652 ‘
1709 2636 1747 2666 ad
1761 2636 1938 2676 populum!

1160 2679 1356 2717 Wesenberg
1373 2679 1475 2708 shows
1488 2679 1559 2708 that
1577 2683 1583 2695 ‘
1596 2689 1739 2709 caussam
1750 2680 1788 2710 ad
1801 2680 1940 2720 aliquem

1159 2722 1270 2761 agere’
1297 2723 1322 2751 is
1343 2723 1446 2752 Latin.
1495 2723 1526 2752 It
1550 2733 1660 2752 occurs
1683 2723 1714 2752 in
1739 2723 1791 2753 Ad
1811 2724 1884 2753 Div.
1910 2734 1940 2754 v.

1163 2768 1210 2802 10,
1228 2766 1290 2795 and
1307 2766 1486 2795 elsewhere.

1207 2810 1276 2845 Qua
1308 2809 1407 2848 enim]
1462 2810 1502 2839 Vi
1531 2809 1558 2838 is
1588 2809 1690 2839 added
1720 2809 1762 2848 by
1795 2809 1941 2849 Koechly

1158 2853 1221 2883 and
1239 2852 1379 2891 Maehly,
1397 2852 1459 2881 and
1475 2853 1625 2892 accepted
1641 2853 1683 2892 by
1701 2853 1797 2882 Halm
1816 2852 1878 2893 (2).

1203 2897 1283 2926 haut
1318 2896 1493 2935 dubitarit]
1545 2899 1552 2913 ⁴
1570 2896 1659 2926 Haut
1671 2895 1678 2909 ’
1714 2897 1740 2926 is
1780 2894 1940 2936 Madvig's
