2002 3235
689 186 824 230 GAP.
859 190 925 238 16,
952 189 1016 232 27.
1573 192 1655 232 499

51 301 125 343 sed
144 301 198 342 ad
220 315 482 343 communem
514 301 694 343 salutem
727 302 912 343 omnium
944 302 1096 343 civium
1117 306 1161 343 et
1182 317 1311 358 prope
1342 303 1530 358 gentium
1561 318 1653 359 per-

51 367 260 415 tinerent;
296 382 345 409 ea
366 367 606 408 conditione
633 381 860 422 gesseram,
886 372 933 410 ut
961 383 1100 410 meum
1125 368 1284 409 factum
1315 382 1480 423 semper
1511 383 1655 410 omnes

51 438 265 488 praestare
287 432 479 487 tuerique
501 433 718 474 deberent.

110 497 270 538 XVII.
304 499 410 539 Erat
431 502 574 539 autem
594 498 692 538 mihi
716 499 931 540 contentio
953 513 1036 539 non
1057 513 1152 540 eum
1173 498 1333 540 victore
1355 498 1556 549 exercitu,
1581 500 1655 539 sed

51 577 146 604 cum
167 564 304 620 operis
326 564 545 605 conductis
566 567 609 604 et
629 564 683 604 ad
705 564 978 619 diripiendam
1000 565 1147 605 urbem
1169 564 1416 606 concitatis:
1450 564 1657 605 habebam

51 627 262 669 inimicum
294 644 376 670 non
411 629 457 670 G.
483 629 680 679 Marium,
718 634 922 670 terrorem
958 629 1155 679 hostium,
1194 645 1311 685 spem
1341 630 1655 685 subsidiumque

51 694 225 749 patriae,
249 695 322 735 sed
344 695 425 735 duo
448 694 686 749 importuna
716 695 917 750 prodigia,
941 710 1045 750 quos
1074 700 1254 750 egestas,
1279 710 1382 750 quos
1403 696 1512 736 aeris
1533 695 1656 736 alieni

53 760 312 815 magnitudo,
340 775 444 816 quos
464 760 624 809 levitas,
649 775 754 814 quos
776 760 1024 815 improbitas
1046 762 1215 802 tribuno
1244 761 1378 816 plebis
1401 761 1657 802 constrictos

52 826 273 867 addixerat
292 842 300 866 :
336 840 413 866 nec
426 825 528 865 mihi
545 830 637 866 erat
654 840 721 866 res
737 840 830 866 cum
847 826 1086 877 Saturnino,
1104 826 1187 882 qui,
1204 827 1314 881 quod
1332 841 1356 867 a
1371 841 1415 867 se
1431 832 1655 882 quaestore

54 890 241 932 Ostiensi
255 905 330 945 per
343 890 612 945 ignominiam
626 891 679 930 ad
693 890 924 946 principem
938 897 981 932 et
994 897 1167 932 senatus
1181 897 1224 932 et
1239 892 1435 942 civitatis,
1455 892 1516 931 M.
1529 892 1659 932 Scau-

51 971 156 1004 rum,
167 971 255 996 rem
267 955 582 996 frumentariam
597 956 849 997 translatam
866 956 1040 1006 sciebat,
1057 956 1244 997 dolorem
1257 971 1379 997 suum
1394 972 1546 1011 magna
1560 972 1658 997 con-

51 1021 242 1063 tentione
252 1020 379 1061 animi
393 1021 739 1076 persequebatur:
763 1021 837 1061 sed
851 1036 946 1062 cum
963 1035 1201 1062 scurrarum
1217 1021 1488 1076 locupletium
1502 1027 1656 1071 scortO,

51 1101 146 1128 cum
167 1086 322 1127 sororis
342 1086 545 1137 adultero,
571 1101 667 1127 cum
697 1092 940 1141 stuprorum
971 1088 1202 1138 sacerdote,
1227 1102 1322 1128 cum
1344 1087 1539 1137 venefico,
1564 1102 1659 1128 cum

51 1151 383 1200 testamentario,
409 1166 504 1193 eum
535 1152 699 1202 sicario,
723 1167 819 1193 cum
851 1152 1038 1194 latrone:
1074 1167 1179 1208 quos
1200 1152 1388 1193 homines
1410 1153 1457 1204 si,
1482 1153 1523 1193 id
1546 1154 1658 1209 quod

50 1217 173 1258 facile
195 1216 310 1257 factu
331 1216 411 1257 fuit
433 1221 476 1258 et
499 1218 611 1272 quod
636 1217 725 1258 fieri
758 1218 902 1258 debuit
933 1218 1127 1272 quodque
1148 1232 1173 1258 a
1194 1232 1260 1258 me
1282 1218 1430 1273 optimi
1453 1223 1497 1259 et
1517 1218 1656 1259 fortis-

51 1281 145 1322 simi
167 1282 278 1323 cives
300 1282 560 1336 flagitabant,
585 1282 623 1323 vi
645 1282 855 1337 armisque
877 1297 1151 1337 superassem,
1176 1297 1260 1322 non
1282 1283 1469 1331 verebar,
1489 1298 1540 1323 ne
1563 1282 1656 1337 quis

51 1351 125 1387 aut
146 1346 227 1386 vim
244 1347 283 1386 vi
304 1346 511 1402 repulsam
533 1347 859 1402 reprehenderet
879 1352 954 1387 aut
975 1347 1235 1401 perditorum
1258 1347 1410 1388 civium
1430 1348 1493 1388 vel
1515 1348 1657 1402 potius

52 1411 379 1453 domesticorum
412 1411 597 1452 hostium
628 1416 807 1453 mortem
840 1416 1063 1453 maereret.
1125 1412 1209 1453 Sed
1231 1427 1297 1453 me
1319 1412 1388 1453 illa
1409 1417 1653 1453 moverunt:

52 1477 245 1518 omnibus
266 1477 308 1517 in
331 1477 597 1518 contionibus
624 1477 693 1518 illa
725 1477 834 1518 furia
868 1478 1079 1519 clamabat
1100 1492 1156 1527 se,
1182 1492 1287 1532 quae
1319 1478 1477 1519 faceret
1509 1483 1657 1519 contra

51 1542 230 1583 salutem
251 1557 400 1590 meam,
418 1542 557 1582 facere
578 1547 751 1583 auctore
774 1543 848 1583 Cn.
875 1542 1090 1597 Pompeio,
1115 1542 1343 1584 clarissimo
1366 1543 1452 1583 viro
1474 1543 1658 1598 mihique

52 1612 96 1648 et
127 1622 238 1648 nunc
274 1611 318 1648 et
354 1608 489 1662 quoad
517 1607 636 1648 licuit
675 1607 942 1649 amicissimo.
1006 1608 1070 1649 M.
1108 1608 1298 1657 Crassus,
1336 1623 1515 1663 quocum
1556 1608 1656 1648 mihi

52 1687 197 1713 omnes
218 1677 339 1713 erant
359 1672 570 1713 amicitiae
601 1672 947 1722 necessitudines,
971 1672 1033 1712 vir
1054 1672 1322 1722 fortissimus,
1346 1673 1398 1713 ab
1421 1674 1568 1713 eadem
1590 1673 1659 1714 illa

51 1742 171 1794 peste
204 1737 500 1778 infestissimus
535 1751 628 1777 esse
662 1736 764 1777 meis
798 1736 977 1778 fortunis
1013 1737 1346 1791 praedicabatur.
1410 1737 1456 1778 O.
1488 1737 1655 1787 Caesar,

53 1803 122 1858 qui
143 1818 168 1844 a
188 1818 255 1844 me
275 1803 387 1844 nullo
417 1817 511 1843 meo
538 1802 688 1843 merito
716 1802 875 1843 alienus
898 1816 990 1843 esse
1011 1802 1204 1853 debebat,
1229 1802 1541 1844 inimicissimus
1564 1818 1655 1844 esse

98 1935 148 1969 17.
173 1934 384 1973 addixerat:]
432 1933 529 1963 Their
549 1936 681 1973 poverty
697 1933 759 1963 had
783 1943 833 1963 as-

54 1977 164 2016 signed
193 1977 278 2006 them
311 1979 345 2006 to
379 1976 520 2013 Clodius,
551 1986 585 2007 as
615 1987 634 2006 a
664 1976 777 2006 debtor
806 1977 833 2006 is

53 2019 199 2058 assigned
216 2023 249 2049 to
265 2019 314 2048 his
337 2020 479 2049 creditor,
528 2020 586 2049 See
612 2020 672 2049 Pro
689 2020 832 2056 Quintio,

55 2074 81 2093 e.
99 2064 151 2097 30,
169 2066 252 2099 note,
270 2062 342 2092 Vol.
361 2062 406 2091 ΙΙ.

98 2106 147 2135 M.
168 2105 356 2143 Seaurum‚]
408 2105 457 2134 De
475 2104 614 2143 Harusp.
632 2114 658 2134 c.
683 2106 745 2140 20;
771 2104 833 2134 and

56 2149 117 2178 Pro
134 2149 281 2181 Murena.
299 2158 325 2177 c.
349 2150 378 2183 8,
396 2151 481 2177 note.
527 2147 575 2177 M.
595 2148 740 2183 Scaurus,
758 2157 832 2176 con-

55 2192 105 2222 sul
122 2201 186 2221 13.c⁴
208 2192 276 2226 115,
294 2200 356 2220 was
383 2190 497 2219 named
518 2189 645 2229 (lectus)
669 2193 676 2206 ‘
689 2190 834 2229 princeps

55 2233 205 2265 senatus'
231 2233 273 2272 by
297 2234 350 2263 the
374 2242 500 2263 censors
528 2233 564 2262 L.
592 2233 742 2262 Metellus
771 2232 833 2261 and

56 2278 116 2308 Cn.
149 2277 309 2307 Domitius
340 2277 373 2306 in
402 2276 457 2305 the
485 2285 570 2305 same
600 2286 682 2314 year.
731 2275 783 2304 He
807 2275 833 2304 is

56 2320 155 2351 called
176 2320 208 2349 in
228 2320 282 2349 the
303 2320 352 2349 De
372 2319 505 2349 Oratore
528 2319 561 2357 (i.
580 2319 656 2358 4!J):
683 2320 702 2334 ‘⁴
716 2318 763 2347 vir
786 2328 834 2347 re-

56 2363 175 2403 gendae
191 2363 235 2392 rei
253 2363 396 2401 publicae
417 2361 642 2391 scientissimus
655 2360 673 2374 '’
693 2359 835 2401 (Orelli).

55 2410 108 2429 —‘
120 2416 297 2436 scurrarum
310 2404 329 2435 :’
377 2405 440 2435 Pro
480 2405 514 2434 P.
556 2404 698 2441 Quintio,
739 2414 765 2434 c.
805 2405 836 2441 3,

55 2450 128 2479 Vol.
147 2449 192 2479 II.

101 2492 235 2531 seorim]
284 2491 334 2520 De
353 2491 493 2530 Harusp.
511 2500 537 2520 c.
555 2492 607 2520 20.
656 2489 707 2519 He
724 2489 837 2528 speaks

58 2535 94 2564 of
111 2534 252 2565 Clodius’
280 2534 465 2563 scandalous
486 2542 662 2563 commerce
682 2532 759 2561 with
778 2542 837 2561 one

58 2578 149 2607 sister
172 2578 246 2616 only
262 2577 345 2607 here.
392 2577 423 2606 It
446 2587 508 2606 was
528 2576 564 2606 L.
584 2576 747 2605 Lucullus’
767 2575 837 2604 wife

59 2620 180 2656 Clodia,
196 2630 230 2650 as
249 2629 334 2649 some
351 2629 506 2658 suppose:
531 2619 637 2648 others
654 2628 791 2657 suppose
811 2618 836 2647 it

58 2667 92 2693 to
108 2663 147 2692 be
163 2663 217 2692 the
231 2662 340 2693 Clodia
353 2662 421 2691 who
434 2672 496 2691 was
512 2662 567 2692 the
579 2661 649 2691 wife
664 2662 699 2690 of
710 2662 749 2694 Q.
764 2661 836 2690 Me-

58 2706 152 2736 tellus
170 2706 259 2736 Celer
276 2704 318 2745 (c.
335 2704 435 2743 7).—-‘
448 2708 630 2743 stuprorum
643 2704 803 2734 sacerdote
816 2704 834 2733 :'

61 2752 68 2766 ‘
82 2749 180 2788 priest
196 2748 230 2777 of
240 2747 424 2782 seduction‚’
441 2747 489 2777 for
501 2748 539 2776 he
552 2747 681 2777 entered
694 2747 837 2777 Caesar’s

59 2792 158 2821 house
168 2791 282 2829 during
297 2791 351 2820 the
362 2790 549 2819 celebration
560 2790 594 2819 of
606 2790 661 2819 the
674 2791 837 2829 myst-eries

60 2835 96 2864 of
108 2834 162 2864 the
184 2834 273 2863 Bona
290 2834 358 2862 Dea
380 2833 412 2862 in
435 2833 526 2862 order
552 2836 585 2862 to
609 2833 721 2862 seduce
744 2833 837 2862 Pom-

61 2878 141 2917 peia,
178 2876 319 2906 Caesar's
349 2876 430 2905 wife.
477 2875 644 2905 Manutius
680 2879 791 2915 quotes
821 2886 839 2905 a

61 2920 179 2950 similar
209 2918 391 2958 expression
426 2917 508 2948 from
538 2927 600 2948 one
630 2918 664 2948 of
701 2917 839 2949 Cicero's

878 1933 986 1963 letters
1012 1932 1076 1973 (Ad
1100 1933 1168 1963 Att.
1191 1933 1211 1963 i.
1233 1933 1306 1973 18):
1334 1933 1413 1964 “M.
1432 1934 1556 1963 Luculli
1579 1944 1657 1964 uxo-

878 1987 943 2006 rem
969 1977 1143 2006 Memmius
1167 1977 1230 2006 suis
1255 1977 1349 2006 sacris
1379 1976 1549 2007 initiavit.''
1606 1978 1658 2007 He

878 2020 967 2056 adds,
1000 2020 1210 2049 “Historiam
1241 2020 1300 2049 hac
1329 2020 1368 2049 de
1398 2030 1431 2050 re
1464 2019 1533 2060 (the
1568 2020 1658 2050 Bona

879 2063 961 2101 Dea)
1007 2072 1101 2092 nemo
1141 2063 1248 2101 paullo
1284 2063 1453 2092 humanior
1497 2063 1656 2102 ignorat.”

879 2105 1040 2144 Certainly
1056 2109 1123 2141 not,
1140 2106 1166 2135 if
1180 2106 1219 2135 he
1236 2105 1291 2135 has
1316 2106 1394 2135 been
1412 2106 1601 2136 humanized
1617 2106 1658 2145 by

878 2148 1007 2184 Cicer-03
1032 2148 1081 2178 for
1104 2158 1151 2178 we
1171 2149 1249 2178 have
1268 2149 1293 2178 it
1316 2158 1409 2188 every
1432 2149 1536 2179 where
1556 2150 1587 2179 in
1609 2149 1658 2179 his

877 2191 1029 2229 writings.

921 2233 1084 2272 venefica]
1147 2232 1199 2262 He
1228 2233 1347 2263 alludes
1378 2234 1512 2273 perhaps
1539 2238 1573 2264 to
1603 2235 1659 2264 the

878 2276 997 2314 alleged
1032 2275 1200 2314 poisoning
1230 2276 1266 2305 of
1293 2276 1333 2308 Q.
1367 2277 1454 2306 Seius
1488 2277 1657 2308 Postumus

882 2318 947 2357 (De
973 2318 1088 2354 Domo,
1113 2328 1139 2347 c.
1164 2321 1225 2354 44;
1251 2319 1301 2348 De
1324 2319 1462 2359 Harusp.
1491 2331 1516 2350 c.
1549 2320 1658 2360 1⁴).—

882 2361 1140 2391 ‘testamentario
1155 2360 1173 2389 :'
1213 2371 1358 2400 compare
1387 2363 1442 2392 the
1465 2373 1596 2402 passage
1626 2364 1657 2393 in

882 2404 937 2434 the
954 2404 1003 2433 De
1018 2404 1156 2442 Har-usp.
1174 2414 1200 2433 c.
1218 2406 1277 2435 20:
1304 2408 1323 2421 ‘⁶
1337 2405 1417 2435 lude
1432 2416 1504 2435 cum
1521 2406 1658 2436 Murena

882 2457 914 2476 se
930 2447 961 2476 in
980 2446 1114 2476 Galliam
1131 2446 1299 2483 contulit,''
1318 2450 1374 2477 διο.

925 2490 1038 2528 oplimz'
1064 2512 1071 2518 .
1100 2511 1106 2518 .
1134 2511 1141 2518 .
1174 2490 1270 2529 cives]
1320 2490 1357 2520 L.
1387 2491 1538 2521 Lucullus
1567 2491 1657 2531 (Plu-

881 2532 980 2568 tarch,
1001 2531 1122 2567 Cicero,
1144 2542 1170 2561 c.
1187 2532 1243 2571 31)
1261 2533 1387 2563 advised
1404 2534 1513 2564 Cicero
1529 2538 1561 2564 to
1578 2535 1658 2573 sight

881 2576 906 2605 it
922 2579 988 2605 out.

924 2619 1011 2647 nullo
1028 2626 1095 2646 meo
1119 2618 1249 2657 merito]
1299 2618 1454 2658 Compare
1476 2620 1525 2648 De
1542 2620 1656 2656 Domo,

881 2671 906 2690 c.
928 2662 976 2697 16,
993 2661 1095 2689 where
1115 2660 1170 2689 the
1190 2663 1208 2676 ‘¹
1221 2661 1372 2700 quosdam
1389 2663 1471 2691 viros
1488 2663 1584 2692 fortes
1596 2662 1615 2675 ‘’
1633 2663 1660 2692 is

882 2704 1006 2733 Caesar.

925 2748 1048 2776 alienus
1059 2755 1123 2775 esse
1133 2745 1290 2785 debehat‚]
1345 2747 1438 2776 Halm
1453 2745 1502 2786 (l)
1514 2750 1657 2786 suggests

882 2789 952 2819 that
970 2792 1053 2818 ‘non
1068 2788 1075 2801 ’
1094 2789 1149 2818 has
1173 2788 1250 2818 been
1267 2789 1327 2818 lost
1344 2789 1450 2819 before
1479 2793 1484 2805 ‘
1498 2790 1654 2820 debebat.’

884 2833 936 2862 He
953 2832 1030 2862 adds
1049 2832 1118 2861 that
1140 2831 1165 2860 if
1185 2832 1239 2861 the
1263 2835 1330 2861 text
1342 2833 1368 2861 is
1384 2832 1478 2871 right,
1502 2833 1636 2862 ‘debere
1649 2833 1656 2845 ⁷

883 2879 968 2905 must
995 2875 1034 2904 be
1064 2875 1247 2905 considered
1276 2885 1310 2905 as
1340 2885 1379 2905 an
1411 2875 1594 2914 equivalent
1624 2880 1657 2906 to

885 2922 892 2936 ‘
905 2928 1032 2949 necesse
1048 2917 1138 2947 esse!

793 2961 936 3001 Kk2
