2063 3242
322 174 405 213 128
785 170 963 214 ORAT.
999 170 1118 214 PRO
1154 169 1202 213 L.
1230 169 1502 213 MURENA

322 303 375 329 ne
398 288 541 329 consul
564 287 746 330 Catilina
767 288 900 337 fieret,
924 288 1023 329 dum
1043 292 1090 329 tu
1112 287 1425 329 accusationem
1447 300 1710 341 comparares
1732 285 1924 342 deposita

322 359 449 409 atque
482 355 650 409 abjecta
682 355 913 410 petitione?
976 354 1148 395 Etenim
1183 358 1225 394 te
1267 354 1474 409 inquirere
1512 353 1720 403 videbant,
1757 353 1924 394 tristem

323 420 472 475 ipsum,
500 425 683 461 maestos
706 420 889 465 amicos;
927 419 1255 467 observationes,
1288 419 1624 468 testificationes,
1656 418 1925 459 seductiones

322 486 508 534 testium,
532 485 810 526 secessionem
832 484 1164 539 subscriptorum
1186 484 1605 531 a11i1nadve1·teba11t;
1631 484 1781 539 quibus
1797 485 1925 524 rebus

323 556 437 592 certe
459 551 536 606 ipsi
560 551 880 591 candidatorum
902 550 1040 590 vultus
1064 549 1330 590 obscuriores
1352 549 1480 590 videri
1503 550 1665 590 solent:
1702 550 1925 591 Catilinam

323 617 484 657 interea
505 617 684 656 alacrem
705 621 833 671 atque
864 616 1032 663 laetum,
1068 615 1271 670 stipatum
1298 615 1425 655 choro
1453 616 1701 669 juventutis,
1724 616 1925 657 vallatum

323 682 529 722 indicibus
559 687 687 736 atque
719 681 892 730 sicariis,
926 681 1117 721 inflatum
1150 695 1278 735 quum
1309 694 1381 735 spe
1412 680 1602 729 militum,
1626 686 1716 722 tum
1739 681 1925 737 collegae

325 748 416 798 mei,
440 746 789 802 quemadmodum
812 746 978 787 dicebat
999 746 1099 800 ipse,
1127 745 1355 800 promissis,
1380 745 1736 787 circumfluentem
1759 747 1924 788 colono-

323 828 414 853 rum
440 813 734 853 Arretinorum
766 816 809 853 et
843 811 1173 852 Faesulanorum
1204 811 1421 852 exercitu:
1458 826 1581 866 quam
1612 813 1781 853 turbam
1807 811 1925 853 dissi-

323 878 492 918 millimo
515 893 568 919 ex
589 892 743 933 genere
766 877 1083 932 distinguebant
1104 875 1293 916 homines
1319 877 1498 931 perculsi
1529 877 1688 917 Sullani
1720 877 1925 932 temporis

323 943 575 984 calamitate.
639 943 797 984 Vultus
819 947 911 984 erat
932 942 1061 997 ipsius
1082 942 1230 996 plenus
1252 942 1415 990 furoris,
1446 942 1553 983 oculi
1582 943 1762 993 sceleris,
1786 958 1924 984 sermo

322 1009 600 1064 arrogantiae,
635 1008 694 1049 sic
724 1013 771 1049 ut
799 1008 836 1048 ei
863 1009 951 1062 jam
981 1007 1224 1062 exploratus
1253 1011 1295 1047 et
1326 1007 1437 1047 domi
1466 1007 1660 1048 conditus
1682 1008 1925 1049 consulatus

322 1074 546 1116 videretur.
611 1074 836 1114 Murenam
868 1073 1194 1114 contemnebat:
1232 1072 1461 1128 Sulpicium
1485 1078 1776 1114 accusatorem
1802 1089 1925 1114 suum

322 1141 581 1190 numerabat,
621 1154 703 1179 non
740 1139 1083 1193 competitorem:
1119 1138 1156 1178 ei
1188 1138 1270 1178 vim
1301 1138 1603 1179 denuntiabat:
1643 1138 1702 1179 rei
1734 1139 1924 1194 publicae

321 1205 575 1246 minabatur.
629 1204 790 1246 XXV.
826 1204 987 1257 Quibus
1007 1205 1134 1244 rebus
1156 1203 1225 1259 qui
1248 1203 1374 1244 timor
1390 1203 1510 1244 bonis
1531 1203 1724 1244 omnibus
1746 1204 1925 1259 injectus

322 1271 390 1319 sit,
413 1276 654 1326 quantaque
676 1269 912 1325 desperatio
935 1269 994 1310 rei
1017 1269 1220 1324 publicae,
1254 1269 1289 1310 si
1322 1269 1389 1310 ille
1416 1270 1554 1310 factus
1582 1274 1708 1319 esset,
1741 1270 1871 1311 nolite
1898 1285 1924 1311 a

320 1352 387 1377 me
409 1336 662 1377 commoneri
684 1336 811 1376 velle:
847 1335 1090 1390 vosmetipsi
1112 1335 1326 1375 vobiscum
1355 1335 1643 1376 recordamini.
1706 1335 1924 1375 Meminis-

320 1402 377 1443 tis
408 1401 529 1452 enim,
555 1416 682 1456 quum
708 1401 814 1441 illius
842 1400 989 1441 nefarii
1014 1400 1261 1455 gladiatoris
1282 1415 1405 1440 voces
1431 1400 1792 1455 percrebruissent
1821 1415 1924 1456 quas

321 1467 518 1508 habuisse
541 1467 583 1507 in
605 1466 800 1507 contione
823 1466 1056 1507 domestica
1078 1465 1307 1515 dicebatur,
1343 1480 1470 1520 quum
1492 1465 1738 1506 miserorum
1759 1466 1925 1506 fidelem

322 1533 583 1573 defensorem
614 1536 813 1587 negasset
845 1531 1018 1572 inveniri
1040 1546 1176 1586 posse,
1199 1531 1279 1571 nisi
1309 1546 1404 1571 eum
1430 1531 1500 1585 qui
1523 1531 1610 1586 ipse
1633 1531 1758 1572 miser
1780 1535 1919 1572 esset:

321 1599 583 1654 integrorum
612 1602 654 1638 et
685 1598 994 1638 fortunatorum
1025 1596 1244 1652 promissis
1275 1596 1442 1637 saucios
1473 1601 1513 1638 et
1547 1597 1722 1637 miseros
1754 1597 1923 1637 credere

320 1679 403 1705 non
426 1668 619 1719 oportere
638 1681 649 1711 ς
684 1678 825 1718 quare,
849 1663 918 1718 qui
941 1666 1189 1716 consumpta
1211 1662 1382 1716 replere,
1407 1667 1553 1716 erepta
1575 1676 1821 1717 recuperare
1842 1661 1925 1703 vel-

321 1729 422 1778 lent,
445 1733 700 1784 spectarent,
724 1728 822 1783 quid
851 1728 939 1782 ipse
971 1727 1157 1777 deberet,
1191 1727 1291 1781 quid
1321 1726 1568 1782 possideret,
1599 1727 1698 1782 quid
1719 1728 1920 1774 auderet;

321 1795 490 1836 minime
512 1794 705 1835 timidum
727 1799 771 1835 et
792 1794 910 1834 valde
933 1793 1224 1834 calamitosum
1246 1807 1337 1832 esse
1359 1797 1554 1847 oportere
1578 1808 1683 1842 eum,
1720 1793 1788 1848 qui
1811 1798 1926 1835 esset

321 1861 489 1901 futurus
530 1860 615 1899 dux
656 1865 699 1900 et
739 1859 913 1914 signifer
953 1858 1459 1899 calamitosorum—tum
1499 1858 1638 1912 igitur,
1688 1859 1751 1899 his
1798 1859 1924 1899 rebus

323 1925 491 1974 auditis,
543 1924 793 1965 meministis
836 1924 926 1964 fieri
970 1929 1141 1964 senatus
1184 1923 1434 1973 consultum,
1488 1924 1696 1964 referente
1741 1939 1820 1975 me,
1870 1939 1923 1965 ne

322 1996 492 2047 postero
521 1990 588 2031 die
622 1989 791 2031 comitia
825 1990 1090 2038 haberentur,
1130 1993 1174 2029 ut
1206 1989 1256 2028 de
1289 1988 1354 2028 his
1389 1989 1512 2028 rebus
1546 1988 1587 2028 in
1617 1994 1765 2030 senatu
1795 2004 1923 2044 agere

322 2072 555 2113 possemus.
619 2057 769 2111 Itaque
804 2055 1007 2111 postridie
1043 2055 1251 2109 frequenti
1286 2058 1436 2095 senatu
1470 2054 1692 2095 Catilinam
1728 2054 1920 2106 excitavi,

323 2129 451 2179 atque
484 2137 578 2163 eum
610 2122 660 2162 de
695 2122 745 2162 iis
776 2121 901 2162 rebus
932 2120 1052 2175 jussi,
1086 2120 1120 2160 si
1152 2119 1251 2175 quid
1284 2119 1418 2165 vellet,
1453 2134 1559 2174 quae
1586 2119 1639 2159 ad
1672 2134 1738 2160 me
1770 2120 1922 2161 allatae

324 2194 465 2229 essent
513 2188 661 2228 dicere.
740 2187 884 2241 Atque
932 2185 1010 2236 ille,
1061 2190 1109 2226 ut
1156 2199 1319 2240 semper
1359 2184 1439 2225 fuit
1483 2184 1785 2239 apertissimus,
1838 2200 1923 2226 non

324 2268 369 2293 se
410 2252 617 2307 purgavit,
661 2252 734 2292 scd
776 2251 976 2292 indicavit
1008 2255 1138 2305 atque
1174 2250 1323 2291 induit.
1398 2249 1505 2289 Tum
1547 2250 1655 2290 enim
1697 2249 1803 2290 (lixit
1840 2250 1922 2291 duo

367 2349 581 2388 seduc-limem]
610 2350 719 2379 Cicero
732 2352 909 2388 represents
927 2349 1051 2379 Servius
1067 2359 1100 2378 as

325 2394 502 2432 neglecting
516 2393 563 2421 his
581 2403 707 2422 canvass
724 2393 784 2421 and
801 2393 933 2431 entirely
949 2391 1102 2431 occupied

324 2437 401 2466 with
417 2436 538 2475 getting
554 2436 700 2464 evidence
719 2435 754 2464 of
773 2435 897 2474 bribery
914 2435 976 2464 and
999 2434 1102 2473 illegal

324 2484 391 2509 acts
418 2479 539 2515 against
561 2478 608 2507 his
634 2478 848 2517 competitors.
893 2478 961 2507 The
989 2478 1100 2516 people

326 2533 387 2552 saw
412 2523 571 2551 witnesses
595 2521 689 2550 taken
720 2521 816 2556 aside,
847 2521 908 2550 and
934 2531 1005 2550 men
1032 2520 1100 2549 who

325 2576 405 2596 were
422 2569 454 2595 to
477 2568 527 2593 act
543 2574 575 2593 as
593 2567 600 2579 ⁴
613 2563 858 2602 subscriptores’
876 2564 908 2593 in
925 2564 978 2593 the
995 2563 1101 2592 future

326 2608 525 2648 prosecution
550 2606 643 2644 going
670 2610 760 2644 apart
786 2607 859 2635 with
886 2606 1011 2635 Servius
1039 2605 1100 2634 and

327 2652 375 2681 his
388 2650 568 2681 friends—⁴
577 2649 692 2688 quibus
738 2649 838 2678 solent
853 2648 871 2678 ε’
889 2650 977 2678 there
992 2649 1017 2677 is
1032 2658 1098 2687 per-

326 2696 405 2734 haps
422 2704 508 2723 some
524 2693 703 2731 corruption
722 2692 804 2720 hero.

370 2736 638 2771 Fae-521latioruml
677 2736 734 2764 Sec
753 2735 807 2763 the
826 2734 1042 2763 Introduction
1068 2737 1100 2762 to

326 2782 382 2811 the
404 2781 541 2810 orations
565 2779 687 2816 against
703 2778 846 2813 Catilina,
871 2777 931 2806 and
957 2777 1010 2805 the
1031 2786 1099 2805 ora-

326 2825 421 2853 tiom.
469 2820 632 2852 Catilina’s
654 2831 724 2849 men
742 2831 820 2849 were
844 2831 862 2849 a
886 2819 967 2857 body
991 2819 1026 2848 of
1046 2818 1099 2847 de-

327 2870 450 2906 sperato
466 2866 584 2895 follows
600 2864 635 2893 of
654 2864 693 2893 all
714 2864 804 2893 kinds
824 2862 1046 2902 (dissimillimo
1063 2872 1099 2890 ex

327 2908 467 2950 genere),
494 2908 551 2938 but
576 2908 630 2937 tho
652 2907 736 2948 body
752 2917 814 2936 was
838 2906 959 2936 further
974 2904 1101 2934 marked

1145 2348 1187 2388 by
1203 2348 1318 2386 having
1333 2348 1364 2376 in
1381 2348 1405 2376 it
1423 2357 1494 2376 men
1511 2347 1581 2376 who
1597 2346 1658 2376 had
1675 2347 1736 2376 lost
1752 2347 1833 2377 their
1848 2358 1922 2387 pro-

1146 2396 1235 2431 perty
1266 2391 1307 2430 by
1339 2390 1453 2419 Sulla’s
1483 2390 1632 2425 violence,
1663 2390 1725 2419 and
1756 2391 1825 2420 who
1852 2401 1923 2420 now

1147 2434 1238 2463 made
1265 2443 1410 2463 common
1437 2443 1529 2461 cause
1553 2443 1630 2461 even
1661 2433 1737 2462 with
1764 2434 1819 2463 the
1849 2444 1923 2464 men

1145 2477 1214 2506 who
1231 2477 1291 2505 had
1309 2476 1388 2505 been
1405 2475 1550 2505 enriched
1568 2475 1608 2514 by
1627 2475 1741 2505 Sulla’s
1758 2477 1843 2514 gifts,
1860 2477 1921 2506 and

1145 2520 1206 2549 had
1231 2522 1323 2558 spent
1346 2519 1378 2547 in
1401 2519 1516 2556 rioting
1533 2518 1615 2548 what
1635 2519 1709 2558 they
1728 2519 1788 2549 had
1812 2524 1866 2558 got
1880 2520 1922 2559 by

1146 2563 1249 2592 crime.
1296 2562 1399 2591 These
1417 2571 1488 2590 men
1511 2561 1624 2599 having
1646 2562 1707 2590 lost
1723 2572 1815 2601 every
1831 2563 1922 2601 thing

1146 2606 1187 2644 by
1203 2615 1263 2634 one
1279 2604 1465 2640 revolution,
1490 2604 1593 2643 hoped
1618 2608 1650 2634 to
1669 2608 1721 2643 get
1743 2606 1922 2644 something

1145 2649 1186 2687 by
1203 2648 1344 2677 another.

1189 2693 1241 2720 25.
1266 2701 1303 2719 ne
1316 2692 1443 2728 postero
1462 2690 1526 2729 die]
1557 2691 1614 2719 Sec
1630 2690 1684 2719 the
1701 2691 1922 2720 Introduction

1145 2737 1177 2763 to
1195 2734 1248 2762 tlw
1264 2733 1400 2762 orations
1417 2733 1539 2771 against
1556 2734 1700 2770 Catilina,
1724 2744 1754 2773 p.
1772 2736 1801 2770 5,
1820 2734 1922 2763 which

1144 2777 1204 2805 will
1221 2776 1345 2815 explain
1363 2776 1425 2805 this
1441 2776 1580 2814 chapter.

1188 2819 1320 2857 iudam]
1340 2819 1407 2847 'rho
1421 2818 1547 2857 reading
1563 2819 1597 2847 of
1611 2819 1647 2848 E.
1663 2819 1700 2848 G.
1714 2819 1760 2848 M.
1785 2819 1853 2849 The
1869 2819 1922 2848 old

1145 2862 1273 2899 reading
1289 2872 1349 2890 was
1375 2861 1518 2897 ‘innuit,'
1545 2862 1645 2891 which
1667 2862 1828 2891 llotniann
1853 2872 1921 2891 cor-

1146 2905 1262 2941 rected,
1289 2904 1349 2933 and
1374 2904 1421 2934 liis
1445 2905 1616 2934 correction
1640 2905 1666 2934 is
1689 2905 1858 2934 confirmed
1880 2905 1920 2944 by
