2063 3242
253 193 337 233 406
728 185 908 230 ORAT.
945 184 1028 227 DE
1063 182 1243 226 DOMO
1278 181 1402 224 SUA

254 304 442 347 insaniae
482 302 602 359 quasi
652 301 922 357 tempestatis
969 299 1229 356 repentinae,
1272 298 1347 340 sed
1394 296 1523 339 etiam
1562 295 1605 337 in
1646 300 1866 352 posterum

253 377 421 427 tempus
441 369 698 425 sempiterna
717 367 919 422 religione
945 366 1157 421 obligare?
1219 363 1348 405 XLI.
1384 362 1593 418 Equidem
1614 362 1674 404 sic
1707 363 1865 418 accepi,

254 437 490 494 pontifices,
514 436 557 476 in
578 433 848 489 religionibus
876 431 1154 486 suscipiendis
1176 435 1303 485 caput
1325 444 1417 471 esse
1439 428 1720 483 interpretari,
1760 443 1867 483 quae

254 504 450 546 voluntas
472 503 646 543 deorum
667 498 967 540 immortalium
988 512 1081 538 esse
1097 497 1289 539 videatur
1307 512 1317 543 ς
1352 510 1428 536 nec
1450 500 1518 536 est
1539 494 1622 534 ulla
1643 508 1743 549 erga
1765 495 1868 535 deos

256 570 404 625 pietas,
429 569 463 609 si
487 568 666 608 honesta
696 566 815 606 deest
847 565 899 605 de
930 564 1098 604 numine
1129 577 1273 604 eorum
1301 577 1350 603 ac
1381 567 1523 602 mente
1555 560 1708 616 opinio,
1742 575 1868 616 quum

258 634 401 691 expeti
432 634 534 674 nihil
566 633 619 673 ab
652 630 703 671 iis
734 631 844 686 quod
874 630 932 671 sit
963 630 1169 685 injustum
1204 633 1333 682 atque
1355 627 1625 667 inhonestum
1646 626 1867 668 arbitrare.

258 700 488 742 Hominem
523 697 707 739 invenire
740 696 823 737 ista
850 696 966 737 labes
996 701 1086 736 tum
1120 708 1248 750 quum
1280 692 1420 733 onmia
1452 693 1628 734 tenebat
1661 692 1870 733 neminem

257 766 410 822 potuit,
435 765 500 806 cui
521 778 636 805 meas
667 762 793 803 aedes
823 762 1053 810 addiceret,
1090 759 1156 801 cui
1189 759 1392 808 traderet,
1417 758 1483 799 cui
1516 758 1707 800 donaret.
1772 758 1869 814 Ipse

259 847 385 888 quum
406 831 487 872 loci
510 830 631 880 illius,
650 843 778 884 quum
799 827 964 869 aedium
988 825 1222 882 cupiditate
1244 825 1456 880 flagraret,
1481 825 1534 865 ob
1556 839 1730 880 eamque
1752 838 1869 865 caus-

259 913 348 940 sam
380 912 504 938 unam
535 910 620 936 una
645 896 765 950 justa
795 894 865 935 illa
900 893 1121 948 rogatione
1151 906 1227 932 sua
1248 891 1309 932 vir
1340 891 1474 931 bonus
1506 890 1720 932 dominum
1754 904 1799 930 se
1827 889 1869 929 in

258 964 363 1005 meis
396 963 518 1004 bonis
550 976 642 1003 esse
674 960 888 1009 voluisset,
923 964 1064 1000 tamen
1098 957 1168 998 illo
1196 957 1288 1012 ipso
1321 957 1363 997 in
1399 957 1538 998 furore
1574 972 1651 997 suo
1685 971 1768 997 non
1804 961 1871 996 est

259 1044 387 1071 ausus
414 1043 552 1070 meam
574 1028 745 1068 domum
776 1026 897 1081 cujus
919 1024 1152 1080 cupiditate
1187 1022 1472 1064 inflammatus
1505 1027 1597 1064 erat
1628 1021 1865 1077 possidere:

259 1096 361 1137 deos
377 1094 635 1135 immortales
658 1091 925 1141 existimatis,
950 1090 1071 1144 cujus
1088 1089 1231 1130 labore
1253 1094 1297 1131 et
1319 1089 1493 1130 consilio
1514 1103 1589 1129 sua
1611 1088 1689 1144 ipsi
1714 1087 1871 1143 templa

259 1162 500 1210 tenuerunt,
525 1160 566 1200 in
589 1159 680 1214 ejus
716 1159 886 1199 domum
922 1156 1123 1197 afflictam
1154 1160 1198 1196 et
1219 1170 1407 1196 eversam
1443 1170 1518 1210 per
1542 1153 1665 1210 [vim]
1690 1154 1872 1195 hominis

260 1224 573 1267 sceleratissimi
601 1224 805 1265 nefarium
838 1221 1104 1264 latrocinium
1138 1220 1378 1275 immigrare
1400 1221 1609 1262 voluisse?
1671 1220 1784 1262 Civis
1805 1226 1871 1261 est

259 1306 381 1333 nemo
415 1296 540 1333 tanto
572 1290 612 1330 in
642 1289 796 1345 populo
834 1293 956 1330 extra
992 1287 1327 1329 contaminatam
1354 1287 1467 1328 illam
1500 1292 1543 1328 et
1575 1292 1793 1328 cruentam
1818 1287 1869 1328 P.

261 1357 395 1400 Clodii
430 1371 610 1407 manum,
635 1356 706 1411 qui
741 1371 830 1397 rem
852 1355 979 1396 ullam
1000 1354 1051 1395 de
1082 1352 1187 1394 meis
1212 1352 1333 1393 bonis
1363 1353 1570 1408 attigerit,
1595 1353 1665 1409 qui
1691 1369 1774 1394 non
1795 1368 1871 1409 pro

259 1424 346 1466 suis
370 1423 519 1479 opibus
552 1423 595 1464 in
628 1423 696 1464 illa
729 1426 989 1478 tempestate
1025 1419 1273 1462 defenderit.
1338 1420 1401 1461 At
1422 1420 1492 1475 qui
1525 1420 1666 1476 aliqua
1697 1435 1742 1461 se
1774 1435 1872 1461 con-

258 1490 432 1546 tagione
488 1490 684 1545 praedae,
727 1488 961 1537 societatis,
1004 1485 1228 1542 emptionis
1270 1485 1675 1536 contaminaverunt,
1718 1486 1873 1527 nullius

258 1571 393 1612 neque
414 1555 566 1611 privati
587 1569 721 1610 neque
742 1554 896 1610 publici
914 1552 1064 1609 judicii
1085 1566 1265 1608 poenam
1287 1551 1471 1607 effugere
1493 1556 1737 1607 potuerunt.
1802 1552 1872 1592 Ex

258 1623 324 1664 his
341 1623 470 1678 igitur
490 1622 623 1671 bonis,
644 1620 736 1677 [ex]
758 1621 909 1676 quibus
926 1635 1049 1661 nemo
1067 1634 1155 1660 rem
1172 1619 1297 1659 ullam
1318 1618 1467 1674 attigit
1488 1618 1559 1674 qui
1581 1633 1663 1659 non
1686 1619 1873 1660 omnium

255 1689 415 1745 judicio
438 1687 789 1729 sceleratissimus
810 1686 1050 1735 haberetur,
1074 1685 1130 1726 dii
1152 1684 1412 1725 immortales
1428 1684 1596 1724 domum
1618 1699 1752 1725 meam
1775 1700 1872 1727 con-

259 1755 536 1811 cupiverunt?
601 1754 692 1795 Ista
718 1758 793 1794 tua
821 1752 997 1808 pulchra
1031 1751 1226 1792 Libertas
1255 1750 1356 1790 deos
1386 1755 1561 1805 penates
1583 1756 1626 1792 et
1646 1751 1873 1793 familiares

259 1837 377 1864 meos
406 1822 515 1863 lares
548 1820 721 1876 expulit,
747 1824 794 1860 ut
825 1824 869 1860 te
900 1818 991 1873 ipsa
1026 1823 1245 1873 tamquam
1267 1817 1308 1857 in
1330 1816 1508 1871 captivis
1544 1817 1715 1859 sedibus
1749 1818 1872 1859 collo-

261 1889 405 1929 caret?
468 1886 579 1939 Quid
619 1890 684 1926 est
725 1884 926 1933 sanctius,
971 1883 1070 1938 quid
1111 1882 1224 1924 omni
1266 1881 1467 1937 religione
1509 1883 1711 1924 munitius
1747 1899 1872 1940 quam

261 1955 409 1995 domus
449 1953 574 1993 unius
607 1952 809 2006 cujusque
843 1949 1022 1991 civium?

306 2067 356 2096 41.
387 2067 415 2096 si
443 2066 574 2095 honesta
602 2064 689 2093 deest
716 2063 769 2102 de]
802 2062 920 2092 Baiter.
974 2062 1043 2092 The

260 2119 407 2140 common
439 2108 569 2147 reading
598 2108 630 2137 in
661 2107 717 2136 the
744 2106 881 2136 editions
908 2106 934 2135 is
963 2108 970 2122 ⁶
983 2106 1043 2135 nisi

260 2154 395 2183 honesta
417 2152 534 2182 de.'—‘
548 2150 702 2180 arbitrare
713 2150 720 2163 '
747 2160 848 2180 seems
870 2153 903 2179 to
919 2149 959 2178 be
976 2159 1043 2179 cor-

260 2207 297 2227 ru
309 2200 345 2226 it.

300 2207 366 2270 lisia
394 2240 480 2269 labes
514 2241 582 2269 tum
611 2260 618 2267 .
648 2260 655 2267 .
684 2260 692 2267 .
724 2236 813 2276 Ipse]
880 2236 966 2266 Here
1004 2236 1044 2265 he

260 2283 373 2323 speaks
390 2282 425 2311 of
438 2282 568 2312 Clodius
584 2291 618 2310 as
634 2281 660 2310 if
677 2280 717 2310 he
733 2290 814 2310 were
830 2282 886 2309 not
903 2283 1041 2319 present.

259 2329 313 2349 —‘
324 2336 389 2355 una
414 2326 502 2364 justa
527 2325 581 2354 illa
593 2323 613 2354 ι’
646 2327 653 2340 ⁴
667 2334 729 2354 una
743 2324 750 2337 ’
781 2324 808 2354 is
835 2323 970 2354 omitted
1000 2323 1042 2362 by

261 2370 300 2400 G.
326 2370 367 2399 V.
415 2369 513 2398 Halm
539 2377 690 2407 proposes
718 2370 753 2397 to
780 2367 868 2396 write
896 2367 1021 2397 ‘inusta
1033 2366 1040 2380 ’

259 2413 309 2443 for
332 2416 414 2442 ‘una
426 2410 534 2450 justa,’
552 2411 737 2450 comparing
754 2411 793 2440 In
810 2410 917 2440 Pison.
935 2420 961 2440 c.
983 2411 1040 2440 13:

260 2459 280 2473 ‘⁴
294 2456 385 2489 Quae
413 2455 464 2484 lex
486 2478 492 2484 .
512 2477 518 2484 .
538 2477 545 2484 .
568 2454 674 2484 inusta
703 2464 760 2493 per
791 2452 939 2490 servos;”
978 2453 1040 2482 and

260 2500 322 2530 Pro
339 2499 474 2533 Milone,
492 2508 518 2527 c.
539 2499 595 2527 1⁴2:
622 2500 642 2514 “
655 2507 732 2536 quas
745 2497 797 2526 ille
813 2497 897 2535 leges
915 2519 922 2526 .
941 2517 949 2526 .
967 2519 974 2526 .
992 2496 1039 2525 in-

259 2540 420 2573 usturas.''
448 2542 462 2571 1
476 2540 568 2570 think
581 2540 643 2570 this
657 2550 788 2579 passage
798 2540 824 2569 is
837 2540 892 2569 the
904 2540 1040 2578 genuine

259 2587 345 2616 hand
358 2586 393 2616 of
399 2585 454 2614 the
465 2585 678 2619 Declamator‚
695 2586 701 2599 ¹
714 2593 856 2613 caussam
867 2593 964 2612 unam
978 2593 1042 2612 una

256 2631 344 2669 justa
355 2628 374 2666 ;'
397 2628 563 2658 antithesis
580 2627 642 2656 and
658 2627 758 2665 irony.

297 2684 361 2712 per
386 2672 479 2711 [vim]
500 2670 654 2706 hominis]
682 2669 718 2699 C.
766 2669 873 2698 Baiter
899 2669 955 2698 has
983 2672 1041 2707 put

261 2720 268 2733 ‘
281 2717 343 2746 vim
353 2715 359 2728 '
370 2716 403 2745 in
420 2715 433 2754 [
451 2715 464 2754 ]
481 2725 522 2744 on
533 2714 588 2743 the
598 2713 705 2742 advice
715 2712 750 2741 of
760 2713 953 2742 Mommsen.
971 2712 1040 2741 The

259 2760 351 2790 usual
373 2758 503 2797 reading
523 2758 555 2787 in
576 2757 630 2786 the
646 2756 782 2785 editions
798 2755 824 2784 is
849 2758 924 2794 ‘per
946 2755 1040 2784 unius

258 2803 397 2833 hominis
409 2801 428 2839 ;’
453 2801 500 2831 for
512 2800 614 2830 which
628 2800 643 2830 Ι
657 2809 795 2839 suppose
810 2798 900 2828 there
915 2799 941 2828 is
954 2808 1041 2828 some

259 2846 356 2876 MSS.
374 2845 546 2884 authority.

301 2891 335 2919 in
346 2890 403 2919 illa
415 2887 617 2928 tempestate]
645 2888 653 2903 ⁴
666 2887 698 2916 in
711 2886 768 2915 illa
780 2886 966 2923 tempestate
977 2894 1038 2919 me,

258 2932 339 2969 nos,’
356 2932 427 2963 that
446 2932 483 2969 is,
502 2931 619 2961 Baiter.
666 2929 732 2960 But
746 2928 882 2969 perhaps
899 2927 952 2958 the
968 2930 1040 2957 true

1083 1948 1170 1990 Hic
1204 1963 1302 1989 arae
1331 1953 1442 1999 sunt,
1481 1948 1549 1989 hic
1580 1949 1674 2001 foci,
1711 1950 1778 1991 hic
1815 1950 1871 1991 dii

1087 2061 1218 2100 reading
1241 2061 1267 2091 is
1292 2061 1366 2101 ‘qui
1390 2071 1454 2091 non
1478 2071 1536 2101 pro
1561 2062 1624 2092 suis
1648 2062 1761 2102 opibus
1785 2063 1870 2093 illam

1088 2108 1313 2144 tempestatem
1352 2104 1605 2135 defenderit.⁷——‘
1616 2106 1730 2145 privati
1768 2117 1872 2147 neque

1088 2148 1207 2188 publici
1229 2148 1339 2187 judicii
1360 2158 1494 2188 poenam
1507 2148 1526 2178 :'
1551 2149 1591 2178 he
1607 2159 1678 2189 says
1701 2150 1776 2189 they
1793 2151 1872 2181 have

1090 2195 1147 2222 not
1171 2191 1250 2221 been
1274 2191 1345 2221 able
1368 2196 1401 2221 to
1422 2202 1533 2231 escape
1555 2193 1610 2222 the
1626 2193 1756 2233 penalty
1771 2194 1873 2224 either

1089 2235 1123 2265 of
1145 2245 1163 2265 a
1178 2235 1286 2275 public
1301 2245 1337 2264 or
1352 2245 1370 2265 a
1385 2235 1506 2274 private
1522 2236 1603 2266 trial.
1652 2236 1666 2266 Ι
1684 2240 1800 2267 cannot
1816 2248 1870 2267 ex-

1088 2279 1174 2319 plain
1189 2279 1263 2309 this.
1311 2279 1325 2308 I
1344 2278 1417 2308 take
1438 2279 1462 2308 it
1483 2282 1517 2309 to
1541 2279 1580 2309 be
1604 2280 1670 2309 said
1695 2281 1870 2318 ‘oratorie‚’

1086 2322 1136 2352 for
1151 2332 1198 2352 we
1214 2322 1293 2352 have
1308 2332 1350 2351 no
1367 2322 1516 2352 evidence
1532 2322 1568 2352 of
1579 2333 1641 2363 any
1658 2326 1665 2339 ⁴
1678 2324 1799 2363 privata
1810 2324 1818 2337 '
1836 2334 1872 2354 or

1089 2365 1235 2405 ‘publica
1254 2364 1392 2404 judicia’
1416 2366 1519 2396 which
1538 2366 1670 2397 affected
1694 2367 1784 2397 those
1800 2368 1870 2398 who

1087 2409 1230 2449 polluted
1247 2409 1437 2439 themselves
1454 2409 1494 2448 by
1508 2409 1563 2439 the
1575 2413 1701 2440 contact
1714 2411 1749 2440 of
1762 2411 1869 2451 booty,

1086 2452 1299 2492 partnership,
1323 2452 1385 2481 and
1410 2462 1444 2481 so
1468 2453 1566 2482 forth.
1613 2453 1712 2483 What
1737 2454 1777 2484 he
1799 2464 1870 2495 says

1086 2495 1122 2526 of
1135 2496 1190 2525 the
1208 2495 1269 2524 ‘dii
1285 2495 1480 2525 immortales
1495 2495 1502 2508 ’
1520 2496 1545 2525 is
1562 2495 1742 2527 ridiculous.

1130 2542 1160 2569 te
1175 2561 1181 2568 .
1197 2561 1204 2568 .
1221 2561 1228 2568 .
1242 2539 1415 2568 collocaret
1427 2538 1458 2578 ἶ]
1481 2538 1528 2575 C.,
1544 2542 1551 2555 ‘
1564 2549 1597 2568 se
1611 2562 1618 2569 .
1634 2562 1640 2569 .
1656 2562 1663 2569 .
1678 2540 1869 2577 eollocaretss

1087 2581 1250 2618 Garatoni,
1276 2581 1394 2611 Baiter.
1442 2582 1508 2611 But
1534 2585 1585 2612 ‘te
1603 2605 1610 2612 .
1630 2606 1637 2613 .
1657 2606 1663 2612 .
1681 2584 1848 2614 collocaret
1864 2584 1870 2594 ’

1086 2625 1111 2654 is
1142 2625 1239 2664 right.
1286 2624 1438 2656 Graevius
1467 2625 1559 2655 could
1587 2630 1644 2656 not
1674 2628 1870 2658 understand

1086 2668 1157 2697 how
1177 2667 1322 2697 Libertas
1346 2668 1436 2697 could
1461 2669 1550 2708 place
1570 2669 1700 2700 Clodius
1724 2671 1757 2700 in
1780 2671 1870 2701 these

1087 2715 1094 2728 ⁴
1107 2710 1219 2741 sedes?
1258 2711 1308 2740 He
1324 2711 1377 2740 did
1394 2716 1450 2741 not
1468 2712 1662 2743 understand
1678 2714 1727 2744 his
1743 2715 1868 2744 author.

1085 2754 1155 2784 The
1178 2754 1230 2783 old
1254 2754 1385 2793 reading
1408 2755 1434 2784 is
1460 2760 1466 2772 ‘
1479 2766 1497 2785 a
1521 2760 1552 2786 te
1571 2756 1640 2795 ipsa
1657 2779 1664 2786 .
1683 2779 1690 2786 .
1710 2780 1716 2786 .
1735 2758 1868 2787 colloca-

1085 2797 1195 2833 retur,’
1232 2797 1334 2826 which
1372 2798 1398 2827 is
1437 2799 1501 2828 still
1540 2803 1663 2838 greater
1700 2811 1868 2830 nonsense.

1086 2840 1237 2870 Graevius
1262 2850 1331 2880 says
1355 2841 1379 2871 it
1406 2841 1432 2871 is
1456 2843 1511 2872 the
1534 2843 1659 2882 writing
1682 2844 1718 2873 of
1738 2844 1793 2874 the
1816 2845 1868 2874 old

1084 2883 1206 2913 codices
1223 2883 1284 2913 and
1300 2884 1447 2915 editions.
1495 2886 1541 2915 As
1557 2889 1590 2916 to
1608 2886 1661 2916 the
1678 2887 1811 2925 codices,
1828 2888 1868 2917 he

1084 2937 1154 2966 says
1171 2930 1228 2958 not
1243 2927 1355 2958 which.
