2002 3235
721 191 856 234 OAP.
889 192 1072 232 11—13.
1619 190 1700 232 367

101 307 317 357 orationis,
341 322 447 363 quae
468 306 652 362 pertinet
671 306 726 347 ad
751 305 886 361 ipsam
908 318 1099 345 caussam
1120 302 1486 358 cognitionemque
1507 306 1702 351 vestram,

100 389 205 430 quae
226 388 354 428 quum
376 373 433 414 sit
469 372 511 413 in
541 372 613 427 jus
644 370 870 426 religionis,
905 374 949 411 et
979 370 1021 410 in
1047 370 1118 425 jus
1148 368 1209 410 rei
1240 367 1430 423 publicae
1461 366 1703 415 distributa,

101 439 312 494 religionis
333 443 510 494 partem,
533 452 637 493 quae
662 437 796 478 multo
819 441 884 477 est
911 435 1137 486 verbosior,
1161 432 1505 490 praetermittens
1542 431 1593 472 de
1610 431 1705 485 jure

101 505 160 546 rei
200 503 391 559 publicae
424 503 572 544 dicam.
637 502 745 553 Quid
782 506 849 543 est
883 501 995 542 enim
1025 505 1100 541 aut
1133 505 1220 541 tam
1255 512 1460 553 arrogans
1496 511 1621 552 quam
1654 496 1706 536 de

102 570 314 625 religione,
339 569 389 609 de
411 569 538 609 rebus
570 567 730 617 divinis,
755 566 1030 616 caerimoniis,
1054 564 1187 606 sacris
1216 563 1464 619 pontificum
1486 560 1707 615 collegium

104 635 256 676 docere
284 633 425 674 conari
444 650 454 679 ;
488 637 562 674 aut
582 637 672 673 tam
701 632 877 673 stultum
901 646 1037 687 quam,
1061 631 1095 671 si
1117 630 1209 685 quis
1230 628 1329 684 quid
1350 628 1392 668 in
1412 626 1562 668 vestris
1592 625 1708 666 libris

103 699 320 749 invenerit,
344 699 386 739 id
411 713 582 739 narrare
604 697 749 745 vobis;
784 702 860 738 aut
881 702 970 738 tam
1000 695 1208 737 curiosum
1230 708 1354 749 quam
1383 707 1431 734 ea
1462 692 1568 733 scire
1589 691 1706 739 velle,

105 765 156 805 de
189 764 338 820 quibus
368 764 550 818 majores
582 763 715 804 nostri
746 777 820 803 vos
848 762 960 803 solos
991 766 1035 803 et
1066 759 1226 802 consuli
1260 764 1304 800 et
1331 758 1439 799 scire
1460 757 1709 798 voluerunt?

106 829 248 871 XIII.
282 829 402 884 Nego
424 828 610 883 potuisse
637 828 731 882 jure
762 827 942 883 publico,
976 826 1138 880 legibus
1168 824 1219 865 iis
1250 823 1400 879 quibus
1430 823 1532 863 haec
1561 821 1710 863 civitas

105 895 251 941 utitur,
273 908 521 949 quemquam
544 893 674 934 civem
696 893 780 933 ulla
800 891 1006 947 ejusmodi
1028 889 1268 931 calamitate
1285 889 1393 930 affici
1415 888 1504 929 sine
1521 887 1706 942 judicio:

106 959 186 999 hoc
209 959 317 1014 juris
348 959 390 1000 in
411 959 489 999 hac
511 958 696 1007 civitate,
720 957 848 998 etiam
869 961 962 998 tum
983 971 1111 1011 quum
1132 969 1253 1009 reges
1275 962 1418 995 essent
1439 953 1532 994 dico
1555 952 1708 993 fuisse:

106 1023 186 1064 hoc
216 1023 336 1065 nobis
364 1038 455 1064 esse
477 1038 502 1063 a
523 1023 754 1077 majoribus
783 1022 1014 1069 traditum;
1050 1021 1130 1061 hoc
1162 1034 1253 1061 esse
1285 1019 1463 1074 denique
1499 1018 1712 1073 proprium

106 1088 261 1130 liberae
282 1089 478 1138 civitatis,
502 1093 551 1130 ut
581 1088 682 1128 nihil
717 1089 768 1129 de
797 1087 934 1142 capite
966 1086 1067 1128 civis
1098 1091 1173 1128 aut
1205 1085 1255 1126 de
1286 1084 1407 1125 bonis
1439 1084 1528 1125 sine
1552 1083 1711 1138 judicio

151 1204 195 1234 ad
218 1205 320 1244 ipsam
348 1203 508 1243 caussam]
559 1201 754 1234 ‘Caussam’
781 1212 887 1233 comes

108 1247 189 1277 from
205 1257 224 1277 a
239 1247 307 1277 cod.
326 1247 362 1277 of
374 1247 444 1278 Car.
464 1247 653 1286 Stephanus.

151 1290 340 1329 verbosz'0r‚]
392 1291 468 1320 “At
494 1293 672 1329 pnryatum
698 1299 731 1319 se
753 1289 887 1319 volebat.

111 1333 238 1364 Gerrae.
285 1333 461 1373 Aliquoties
477 1333 544 1372 ipse
560 1332 718 1372 professus
732 1335 780 1362 est
795 1333 888 1371 plane

110 1377 276 1416 probatam
288 1376 493 1406 Pontificibus
506 1386 573 1406 esse
584 1386 672 1405 suam
683 1375 888 1410 sententiam;

111 1429 167 1449 cur
196 1429 270 1459 ergo
300 1424 469 1459 purgatum
508 1429 541 1448 se
571 1419 670 1448 voluit
700 1418 888 1457 tantopere?

112 1463 302 1492 Dissimulat
331 1472 436 1492 veram
468 1472 593 1491 causam
627 1462 721 1500 hujus
751 1461 890 1500 10011301-

112 1507 197 1542 tatis,
223 1506 400 1535 ubertatem
417 1509 449 1535 et
464 1505 646 1535 facilitatem
671 1505 831 1539 materiae,
858 1503 890 1532 in

113 1559 175 1589 qua
200 1550 266 1578 sine
292 1548 527 1588 quarundarum
555 1558 660 1578 rerum
684 1547 893 1586 intelligentia

113 1592 288 1622 declamare
315 1591 449 1621 licebat:
478 1601 563 1620 nunc
587 1591 692 1629 igitur,
724 1601 821 1630 quum
853 1589 892 1619 ad

112 1636 213 1674 ipsam
226 1645 351 1664 causam
362 1635 513 1674 pervenit,
526 1644 618 1673 quam
631 1634 773 1663 modeste
785 1633 892 1663 studet

113 1678 280 1708 brevitati!
328 1678 396 1708 Nos
423 1678 519 1707 ceteri
544 1680 654 1706 contra
680 1677 829 1706 facimus:
855 1685 892 1705 ea

115 1731 195 1761 quae
233 1721 393 1760 pertinent
429 1720 467 1750 ad
518 1720 728 1759 cognitionem
768 1728 890 1754 causae,

113 1764 232 1803 majore
259 1774 333 1794 cura
355 1767 388 1793 et
410 1764 571 1802 diligentia
593 1766 728 1792 tractare
743 1763 891 1792 solemus.

115 1808 182 1838 Iste
212 1817 284 1837 vero
321 1817 430 1837 secus:
470 1806 687 1846 compensabit
716 1806 892 1844 superiores

114 1850 273 1880 anfractus
288 1850 442 1880 brevitate
457 1850 524 1888 ejus
547 1849 708 1884 orationis,
726 1859 806 1888 quae
821 1858 892 1888 per-

115 1894 196 1923 tinet
225 1893 265 1923 ad
291 1903 448 1923 summam
474 1893 519 1922 rei
548 1893 751 1932 praecipuae3
786 1892 894 1930 itaque

115 1937 326 1966 verbosiorem
356 1940 477 1975 partem
516 1936 554 1965 de
591 1936 756 1974 reliqione,
794 1944 895 1974 paene

116 1979 349 2019 praetermittit,
364 1982 476 2018 utpote
492 1979 530 2008 de
546 1989 608 2018 qua
628 1978 708 2007 nihil
723 1978 894 2007 admodum

117 2022 352 2061 compilandum
374 2021 568 2060 praebebant
584 2021 752 2051 Orationes
769 2020 893 2050 Cicero-

117 2066 177 2095 nis.
225 2065 263 2094 Id
279 2074 319 2094 110
338 2065 382 2094 ita
404 2068 497 2099 esset,
514 2064 563 2093 vel
579 2065 615 2100 si,
631 2067 668 2093 ut
683 2064 756 2093 alibi
776 2063 894 2098 scribit,

119 2108 179 2147 (cc.
207 2109 256 2143 15,
284 2108 335 2143 46,
361 2106 416 2146 53)
450 2107 639 2136 Pontificum
668 2110 700 2136 et
730 2106 895 2145 Augurum

118 2151 215 2181 libros
231 2153 387 2180 scrutatus
403 2153 496 2184 esset,
509 2159 573 2179 non
589 2149 693 2178 minus
705 2149 802 2184 fatue,
819 2152 897 2187 puto

119 2204 204 2224 nunc
228 2197 408 2223 narrantem
433 2192 622 2227 audiremus,
641 2202 721 2231 quae
747 2191 897 2221 auditori-

119 2237 178 2267 bus
194 2237 357 2266 notissima
378 2238 493 2271 essent,
519 2245 613 2274 quam
638 2234 711 2264 fecit
729 2235 762 2263 111
787 2234 897 2273 priori-

119 2280 179 2310 bus
195 2280 316 2309 duabus
333 2279 438 2309 Oratt.
456 2278 495 2308 ad
513 2278 664 2308 Senatum
681 2277 898 2317 populumque

121 2324 301 2354 Romanum
316 2321 335 2335 '’
354 2321 483 2362 (Wolf).

165 2367 288 2405 dejure
304 2364 529 2404 reipublicae]
578 2363 655 2393 This
673 2373 790 2398 means,
807 2372 841 2392 as
858 2361 898 2391 he

119 2409 191 2439 tells
207 2419 244 2439 us
259 2409 292 2438 in
315 2408 370 2438 the
393 2411 469 2438 next
484 2407 624 2445 chapter,
653 2410 660 2423 ‘
675 2406 714 2436 de
726 2406 796 2444 jure
818 2405 897 2444 pub-

120 2452 203 2488 lico,'
227 2451 286 2481 but
312 2451 434 2490 though
457 2451 512 2480 the
537 2450 677 2479 Romans
704 2449 780 2478 used
809 2447 897 2487 ‘jus'

122 2495 197 2525 with
228 2505 247 2524 a
276 2494 411 2533 genitive
437 2494 470 2523 in
501 2493 578 2523 such
608 2493 737 2532 phrases
767 2502 801 2521 as
828 2491 899 2530 ‘jus

122 2537 287 2577 gentium,’
316 2537 384 2576 ‘jus
416 2535 610 2572 Quiritium‚’
639 2536 710 2574 ‘jus
741 2535 899 2574 sepulcro-

122 2591 193 2610 rum
208 2580 215 2593 ’
235 2580 303 2619 (the
319 2580 377 2609 law
393 2580 526 2618 relating
541 2582 574 2608 to
600 2582 608 2595 ⁴
623 2579 767 2618 sepulcra
778 2577 813 2618 ’),
838 2577 899 2606 and

123 2634 203 2654 even
228 2623 299 2661 ‘jus
327 2622 539 2657 Pontificum,'
566 2622 687 2660 though
713 2622 767 2651 the
797 2621 900 2650 better

123 2666 306 2705 expression
336 2665 362 2694 is
388 2665 456 2703 ‘jus
483 2664 705 2699 Pontificium,’
734 2665 748 2694 I
770 2675 819 2693 am
843 2667 899 2693 not

124 2708 311 2748 acquainted
348 2708 422 2737 with
452 2708 508 2737 the
542 2708 724 2746 expression
755 2707 825 2745 ‘jus
855 2706 898 2735 rei

124 2751 291 2791 publicae,'
320 2750 488 2789 signifying
505 2750 572 2789 ‘jus
596 2749 780 2789 publicum,'
804 2749 866 2779 and
883 2749 898 2779 I

125 2795 166 2824 do
187 2798 243 2823 not
262 2794 379 2823 believe
399 2793 470 2822 that
488 2793 513 2822 it
532 2793 559 2822 is
581 2793 686 2822 Latin.
744 2793 823 2823 ‘Jus
850 2802 898 2822 re-

125 2836 269 2876 ligionis’
296 2837 321 2865 is
346 2846 379 2865 as
404 2835 486 2874 good
510 2845 543 2865 as
575 2836 645 2874 ‘jus
675 2836 770 2865 belli'
798 2835 901 2865 which

126 2880 236 2910 Cicero
252 2879 317 2909 also
330 2888 410 2914 uses,
422 2878 486 2908 and
502 2882 509 2894 ⁴
520 2878 572 2917 jus
588 2879 632 2908 rei
644 2878 787 2917 publicae
798 2878 805 2892 ’
822 2879 849 2908 is
861 2888 901 2907 an

125 2922 308 2961 expression
332 2921 452 2951 formed
476 2930 517 2950 on
540 2921 596 2950 the
618 2921 753 2951 likeness
779 2921 814 2951 of
833 2921 902 2959 ‘jus

930 1199 1112 1241 religionis‚'
1132 1203 1139 1217 ‘
1153 1200 1207 1230 the
1230 1200 1288 1229 law
1304 1199 1374 1229 that
1390 1208 1540 1228 concerns
1560 1197 1615 1227 the
1631 1200 1713 1227 state

931 1255 965 1275 as
987 1255 1006 1274 a
1029 1242 1131 1280 state,'
1158 1243 1221 1273 and
1249 1243 1322 1272 ‘the
1348 1242 1405 1272 law
1435 1241 1533 1271 about
1558 1239 1712 1279 religion!

934 1288 966 1318 It
992 1298 1064 1327 may
1088 1297 1203 1322 occur3
1227 1286 1285 1315 but
1309 1285 1324 1314 I
1350 1285 1460 1314 doubt.
1514 1284 1712 1313 “Publicum

930 1331 982 1370 jus
998 1335 1046 1360 est
1062 1330 1146 1369 quod
1164 1332 1282 1359 statum
1307 1328 1351 1358 rei
1376 1328 1539 1358 Romanae
1555 1330 1677 1366 spectat
1691 1325 1711 1340 '¹

935 1374 1067 1414 (Justin.
1086 1373 1167 1402 Inst.
1184 1373 1204 1402 i.
1221 1372 1270 1401 tit.
1292 1371 1335 1411 l).

981 1418 1029 1447 13.
1067 1417 1135 1446 sine
1163 1415 1291 1453 judicio
1329 1413 1473 1452 senatus]
1546 1412 1712 1442 Hotmann

934 1460 1071 1498 thought
1097 1459 1167 1488 that
1192 1458 1255 1488 this
1280 1460 1365 1487 must
1386 1456 1426 1486 be
1450 1455 1608 1495 supposed
1623 1458 1657 1485 to
1673 1455 1713 1485 be

936 1503 1002 1533 said
1033 1502 1068 1532 of
1095 1502 1149 1531 the
1179 1501 1271 1530 times
1301 1500 1408 1530 before
1440 1499 1560 1534 Cicero,
1592 1498 1650 1528 but
1679 1508 1713 1528 as

936 1545 1105 1576 Markland
1120 1545 1277 1579 observes,
1290 1543 1344 1572 the
1357 1543 1460 1572 writer
1475 1543 1501 1571 is
1518 1542 1669 1581 speaking
1681 1541 1718 1571 of

936 1590 985 1619 his
1001 1599 1071 1619 own
1087 1588 1190 1617 times.
1237 1586 1406 1616 Markland
1430 1589 1541 1625 quotes
1564 1585 1620 1614 the
1643 1594 1712 1614 ora-

935 1633 1019 1662 tions
1044 1632 1168 1670 against
1183 1630 1297 1659 Verres
1324 1629 1385 1668 (II.
1412 1632 1441 1659 5.
1460 1639 1485 1657 c.
1503 1627 1558 1668 48)
1575 1640 1581 1657 :
1608 1631 1626 1644 ‘⁶
1640 1628 1714 1660 Quo

937 1675 1120 1713 confugient
1151 1673 1235 1709 socii,
1268 1683 1362 1712 quern
1392 1671 1618 1711 implorabunt,
1651 1680 1715 1710 qua

936 1728 992 1758 spe
1018 1718 1154 1756 denique
1178 1720 1214 1746 ut
1231 1716 1332 1745 vivere
1348 1715 1445 1744 velint
1468 1714 1671 1749 tenebuntur,
1689 1713 1715 1743 si

936 1771 990 1791 vos
1007 1770 1060 1790 eos
1076 1760 1250 1790 deseretis?
1295 1758 1345 1788 Ad
1363 1762 1548 1787 senatumne
1563 1757 1714 1786 venient?

938 1804 1023 1837 Quid
1046 1807 1082 1833 ut
1098 1803 1137 1832 de
1152 1803 1251 1832 Verre
1274 1802 1463 1841 supplicium
1487 1801 1613 1829 sumat?
1638 1800 1715 1829 Non

937 1851 985 1877 est
1010 1848 1174 1881 usitatum,
1205 1856 1269 1875 non
1295 1848 1343 1874 est
1373 1842 1601 1874 senatorium.’⁷
1646 1842 1716 1872 The

939 1900 1067 1930 passage
1083 1890 1115 1919 in
1140 1888 1288 1928 Polybius
1306 1887 1360 1928 (vi.
1381 1886 1445 1926 13),
1463 1890 1496 1915 to
1513 1885 1614 1915 which
1632 1885 1715 1915 Hot-

940 1944 1036 1963 mann
1051 1933 1148 1962 refers
1171 1942 1204 1961 as
1226 1931 1373 1961 evidence
1397 1930 1433 1960 of
1445 1929 1500 1959 the
1517 1929 1717 1968 jurisdiction

939 1977 1035 2006 ofthe
1046 1979 1153 2006 senate
1168 1975 1200 2004 in
1214 1974 1324 2004 earlier
1334 1974 1438 2009 times,
1448 1973 1474 2002 is
1485 1972 1566 2001 this:
1596 1971 1717 2012 ὁμοίως

940 2020 993 2049 καὶ
1011 2019 1073 2049 ὅσα
1091 2021 1158 2049 τῶν
1171 2016 1388 2056 ἀδικημάτων
1401 2019 1466 2045 τῶν
1480 2013 1550 2045 κατ’
1563 2013 1716 2045 Ἰταλίαν

942 2061 1137 2099 προσδεῖται
1154 2059 1314 2099 δημοσίας
1338 2057 1549 2098 ἐπισκέψεως,
1573 2058 1658 2098 λέγω
1684 2055 1715 2087 δὲ

942 2103 1015 2135 οἷον
1040 2102 1231 2144 προδοσίας,
1257 2102 1478 2140 συνωμοσίας,
1502 2101 1717 2140 φαρμακείας,

941 2146 1149 2188 δολοφονίας,
1197 2146 1238 2186 τῇ
1274 2143 1454 2185 συγκλήτῳ
1502 2145 1595 2183 μέλει
1643 2144 1717 2182 περὶ

943 2190 1084 2220 τούτων.
1131 2189 1196 2218 But
1205 2189 1230 2218 it
1242 2188 1267 2217 is
1280 2188 1364 2226 truly
1374 2186 1526 2216 observed
1542 2186 1583 2225 by
1596 2186 1719 2216 Becker

943 2232 1151 2272 (Handbuch‚
1178 2233 1233 2261 &c.
1250 2231 1282 2260 ii.
1304 2233 1334 2260 2.
1361 2240 1392 2268 p.
1420 2230 1494 2265 451,
1522 2228 1624 2269 note),
1647 2229 1718 2259 that

942 2276 974 2304 in
991 2275 1068 2305 such
1085 2284 1170 2304 cases
1187 2274 1241 2303 the
1265 2276 1372 2302 senate
1388 2272 1441 2301 did
1464 2275 1521 2301 not
1536 2271 1618 2301 form
1634 2271 1722 2301 itself

942 2318 1009 2347 into
1024 2328 1042 2347 a
1058 2321 1157 2352 court,
1174 2316 1233 2345 but
1248 2315 1487 2345 commissioued
1513 2314 1670 2344 members
1686 2314 1722 2344 of

942 2361 982 2391 its
999 2361 1081 2400 body
1098 2364 1130 2389 to
1145 2360 1330 2397 investigate
1346 2359 1399 2387 the
1415 2361 1539 2388 matter.
1585 2358 1654 2388 The
1668 2358 1717 2387 in-

942 2403 1129 2442 vestigation
1146 2412 1208 2431 was
1224 2402 1321 2431 called
1338 2412 1356 2430 a
1369 2401 1530 2434 Quaestio,
1578 2401 1629 2430 He
1641 2401 1718 2430 cites

943 2446 1103 2485 examples
1126 2445 1207 2475 from
1225 2445 1314 2484 Livy,
1332 2445 1372 2474 ix.
1397 2445 1438 2474 26
1453 2456 1459 2473 :
1485 2447 1503 2460 “
1518 2444 1717 2483 quaestiones

944 2490 1087 2519 decretae
1099 2501 1105 2525 3
1122 2489 1371 2526 dictatoremque
1384 2487 1619 2526 quaestionibus
1630 2496 1717 2516 exer-

945 2532 1050 2562 cendis
1069 2532 1129 2561 dici
1152 2531 1270 2570 placuit
1283 2529 1314 2566 ;”
1339 2530 1445 2559 xxviii.
1467 2531 1524 2559 1οε
1551 2530 1719 2559 “dictator

944 2576 1130 2614 magistratu
1157 2574 1301 2603 abdicato
1317 2573 1511 2612 dimissoque
1532 2573 1669 2602 exercitu
1685 2572 1718 2601 in

945 2619 1103 2648 Etruriam
1127 2617 1318 2656 provinciam
1344 2626 1382 2644 ex
1404 2615 1436 2644 S.
1463 2615 1498 2645 C.
1524 2618 1571 2644 est
1595 2614 1717 2654 profec-

943 2665 995 2692 tus
1017 2661 1054 2691 ad
1084 2660 1282 2700 quaestiones
1313 2658 1512 2690 habendas:”
1542 2658 1625 2687 xxix.
1657 2659 1716 2687 36:

946 2705 1152 2743 “eodemque
1178 2706 1317 2741 tempore
1342 2701 1388 2730 M.
1409 2700 1573 2731 Cornelius
1597 2699 1717 2735 consul,

944 2748 1042 2778 altera
1065 2751 1154 2786 parte
1182 2745 1302 2779 Italiae,
1326 2754 1390 2772 non
1418 2747 1481 2772 tam
1505 2743 1599 2772 armis
1623 2752 1718 2781 quam

940 2791 1130 2830 judiciorum
1160 2792 1278 2819 terrore
1306 2787 1464 2816 Etruriam
1496 2786 1638 2814 continet
1658 2807 1665 2814 .
1685 2807 1692 2814 .
1711 2808 1718 2814 .

946 2834 1008 2864 Eas
1032 2833 1231 2873 quaestiones
1253 2841 1290 2860 ex
1308 2830 1339 2859 S.
1357 2829 1392 2859 C.
1411 2829 1540 2858 minime
1554 2828 1720 2857 ambitiose

945 2877 1057 2907 habuit
1068 2876 1099 2913 ;’'
1125 2876 1214 2914 Livy,
1240 2873 1344 2903 xxxix.
1379 2873 1437 2902 14:
1463 2871 1720 2904 “Quaestionem

947 2920 1060 2950 deinde
1082 2919 1121 2948 de
1145 2915 1392 2947 Bacchanalibus
1413 2914 1571 2954 sacrisque
1591 2917 1719 2944 noctur-
