2002 3235
713 199 847 240 CAP.
879 201 947 251 26,
972 200 1038 244 27.
1598 207 1682 251 467

77 311 314 367 penetrales
348 311 476 363 focos,
510 313 675 355 occulta
706 319 747 354 et
781 314 967 354 maribus
995 329 1077 355 non
1105 314 1240 356 invisa
1271 316 1418 367 solum,
1450 319 1523 358 sed
1554 319 1681 360 etiam

77 378 267 419 inaudita
289 393 409 419 sacra
430 379 669 434 inexpiabili
690 379 846 420 scelere
867 380 1083 434 pervertit,
1100 380 1292 436 idemque
1315 396 1456 422 earum
1480 384 1681 438 tempium

77 443 351 484 inflammavit
383 444 566 492 dearum,
591 459 766 499 quarum
801 459 879 500 ope
911 445 1038 486 etiam
1070 446 1162 486 aliis
1193 446 1397 487 incendiis
1424 448 1683 490 subvenitur.

80 507 189 560 Quid
220 508 271 549 de
300 509 438 563 patria
465 509 638 564 loquar?
670 510 739 564 qui
772 510 952 565 primum
978 525 1071 551 eum
1095 511 1227 552 civem
1249 512 1300 559 vi,
1324 513 1448 562 ferm,
1472 514 1680 568 periculis,

78 573 193 623 urbe,
232 573 425 614 omnibus
464 574 628 628 patriae
650 575 869 629 praesidiis
904 575 1077 630 depulit,
1115 591 1236 631 quem
1271 592 1345 617 vos
1384 579 1549 633 patriae
1586 594 1682 620 con-

78 643 336 679 servatorem
357 653 448 679 esse
478 640 723 694 saepissime
754 640 1018 694 judicaritis3
1055 641 1205 682 deinde
1241 657 1387 683 everso
1423 648 1609 693 senatus,
1634 650 1682 685 ut

79 718 158 758 ego
194 718 360 759 semper
392 704 490 754 dixi,
526 704 692 755 comite,
732 706 850 756 duce,
889 711 938 746 ut
978 706 1046 747 ille
1082 706 1264 758 dicebat,
1301 713 1495 749 senatum
1531 708 1679 763 ipsum,

78 769 313 824 principem
346 769 493 810 salutis
525 769 763 825 mentisque
797 770 998 825 publicae,
1031 771 1082 820 vi,
1115 772 1240 813 caede
1273 772 1558 829 incendiisque
1591 789 1684 829 per-

77 834 232 875 vertit:
267 834 440 876 sustulit
461 835 566 876 duas
587 835 714 890 leges,
742 835 906 876 Aeliam
927 841 970 876 et
994 836 1173 888 Fufiam,
1198 837 1379 879 maxime
1401 839 1460 879 rei
1489 839 1683 894 publicae

77 899 308 940 salutares:
348 915 567 941 censuram
599 901 828 942 exstinxit:
869 901 1217 943 intercessionem
1251 904 1453 945 removit:
1497 904 1685 959 auspicia

79 964 254 1006 delevit:
290 965 492 1015 consules,
523 965 695 1006 sceleris
730 966 794 1006 sui
832 967 981 1015 socios,
1014 966 1189 1019 aerario,
1222 968 1457 1022 provinciis,
1494 969 1686 1010 exercitu

78 1029 282 1077 armavit3
317 1044 439 1085 reges
467 1030 536 1085 qui
563 1035 684 1071 erant
704 1031 919 1078 vendidit3
955 1031 1024 1086 qui
1056 1046 1140 1072 non
1171 1038 1293 1074 erant
1323 1034 1572 1088 appellavit:
1609 1035 1685 1076 On.

79 1094 327 1150 Pompeium
345 1095 455 1135 ferro
473 1095 642 1136 domum
661 1096 882 1151 compulit:
907 1096 1208 1151 imperatorum
1224 1104 1497 1140 monumenta
1511 1099 1683 1140 evertit:

78 1160 339 1201 inimicorum
375 1160 522 1201 domos
558 1161 836 1203 disturbavit:
871 1162 1023 1202 vestris
1059 1163 1342 1205 monumentis
1375 1179 1496 1204 suum
1533 1179 1687 1205 nomen

77 1225 304 1281 inscripsit.
368 1225 541 1267 Infinita
563 1231 662 1267 sunt
684 1226 856 1275 scelera,
875 1241 983 1282 quae
1004 1227 1056 1267 ab
1078 1227 1147 1268 illo
1166 1228 1206 1268 in
1229 1229 1411 1283 patriam
1433 1235 1534 1271 sunt
1555 1230 1684 1271 edita.

81 1291 204 1344 Quid,
235 1306 342 1346 quae
373 1291 415 1331 in
443 1291 631 1346 singulos
662 1291 784 1342 cives,
812 1307 917 1347 quos
948 1292 1140 1334 necavit?
1172 1294 1322 1341 socios,
1351 1310 1456 1349 quos
1487 1294 1687 1350 diripuit?

79 1357 369 1412 imperatores,
402 1372 506 1413 quos
538 1357 750 1412 prodidit?
782 1358 1003 1408 exercitus,
1039 1374 1144 1413 quos
1175 1361 1387 1402 tentavit?
1449 1361 1558 1412 Quid
1589 1376 1686 1402 vero

80 1437 142 1472 ea,
168 1428 325 1478 quanta
360 1428 471 1471 sunt,
503 1437 608 1478 quae
644 1422 686 1462 in
720 1422 855 1477 ipsum
893 1438 937 1464 se
973 1424 1146 1472 scelera,
1180 1439 1286 1479 quae
1323 1425 1363 1465 in
1400 1440 1499 1466 suos
1527 1426 1687 1467 edidit?

82 1487 186 1540 Quis
217 1488 354 1528 minus
385 1502 582 1542 umquam
614 1487 804 1542 pepercit
835 1488 1019 1529 hostium
1052 1490 1204 1531 castris
1237 1504 1363 1544 quam
1396 1491 1463 1531 ille
1494 1491 1686 1532 omnibus

80 1553 267 1607 corporis
287 1553 350 1593 sui
368 1553 588 1608 partibus?
650 1553 767 1605 Quae
790 1553 906 1593 navis
934 1569 1133 1609 umquam
1156 1555 1197 1594 in
1220 1555 1390 1596 flumine
1411 1556 1577 1610 publico
1599 1563 1685 1596 tam

79 1619 252 1674 vulgata
273 1619 464 1659 omnibus
485 1633 609 1673 quam
641 1617 764 1658 istius
786 1624 906 1659 aetas
926 1619 1032 1660 fuit?
1095 1619 1198 1671 Quis
1220 1635 1416 1675 umquam
1446 1636 1576 1676 nepos
1597 1626 1686 1662 tam

78 1684 209 1724 libere
231 1688 297 1724 est
319 1698 414 1723 cum
444 1683 598 1724 scortis
626 1697 749 1737 quam
784 1683 850 1723 hic
880 1699 974 1724 cum
1007 1684 1222 1725 sororibus
1246 1685 1488 1726 volutatus?
1551 1685 1686 1737 Quam

80 1749 259 1803 denique
281 1753 368 1789 tam
389 1747 611 1788 immanem
628 1748 885 1803 Charybdim
906 1754 1056 1803 poetae
1073 1750 1270 1805 fingendo
1288 1751 1520 1805 exprimere
1542 1758 1686 1806 potue-

79 1819 191 1865 runt,
223 1828 329 1869 quae
360 1818 503 1854 tantos
535 1813 756 1854 exhaurire
786 1813 978 1869 gurgites
1009 1819 1164 1869 posset,
1199 1820 1379 1870 quantas
1411 1816 1491 1857 iste
1524 1816 1686 1871 Byzan-

123 1946 334 1986 inflammavit
363 1945 525 1985 dearum]
575 1945 648 1975 Said
674 1945 707 1975 in
738 1945 860 1985 plainer

80 1989 183 2019 words
212 1989 244 2018 in
268 1989 323 2018 the
350 1989 471 2018 oration
496 1989 555 2018 Pro
581 1989 714 2025 Milone,
741 1999 768 2018 c.
797 1991 857 2023 27:

82 2032 325 2071 “nympharum
350 2032 459 2061 aedem
476 2031 661 2067 incendit;”
685 2032 746 2061 and
766 2032 858 2061 Para-

82 2076 154 2105 dox.
181 2075 242 2104 iv.:
269 2074 524 2113 “Nympharum
555 2074 647 2104 aedes
678 2084 774 2104 manu
804 2080 859 2104 tua

83 2116 329 2156 deflagmruntff’
376 2117 543 2146 Markland
561 2116 706 2146 observes
722 2117 793 2146 that
804 2118 860 2147 the

82 2161 223 2191 addition
254 2161 279 2190 is
306 2164 363 2189 not
394 2160 464 2194 bad,
498 2163 649 2198 ‘quarum
674 2170 734 2199 ope
764 2160 859 2189 etiam

82 2204 151 2233 aliis
175 2203 327 2232 incendiis
353 2202 559 2237 subvenitur,’
592 2202 618 2231 if
638 2203 664 2232 it
692 2203 718 2232 is
743 2203 861 2232 certain

82 2248 153 2276 that
168 2247 231 2276 this
248 2246 410 2285 Nymphai
428 2245 545 2284 temple
563 2245 658 2274 bui-nt
675 2245 715 2284 by
732 2245 861 2274 Clodius

82 2300 146 2319 was
172 2300 191 2319 a
217 2290 334 2328 temple
360 2289 396 2318 of
416 2289 471 2317 the
497 2288 644 2317 Naiades.
692 2288 706 2317 I
735 2289 863 2317 wonder

83 2334 153 2362 that
168 2333 223 2362 the
246 2335 253 2349 ‘
274 2331 462 2361 Britannus'
482 2331 571 2360 made
587 2331 650 2360 this
669 2331 860 2360 concession.

84 2379 104 2392 ⁴‘
117 2376 218 2405 Nobis
235 2386 271 2404 ea
287 2375 458 2413 subfrigida
474 2378 506 2404 et
522 2374 707 2403 scholastica
728 2373 861 2409 videtur,

84 2419 131 2448 uti
154 2422 202 2448 tot
228 2419 344 2448 similes
370 2418 545 2447 sententiae
568 2417 600 2446 in
625 2417 672 2446 his
695 2417 861 2455 capitibus,

84 2472 162 2501 quas
185 2462 364 2500 singillatim
382 2464 491 2490 notare
508 2470 570 2489 non
587 2460 733 2489 duximus
750 2469 863 2498 operae

84 2505 232 2544 pretium.
280 2505 361 2534 Vere
404 2505 487 2533 enim
534 2503 720 2533 Aristoteles
760 2503 859 2532 dixit:

88 2546 213 2585 Εὖηθὲς
244 2547 312 2577 ἐστι
337 2548 373 2577 τὸ
402 2547 480 2582 τοὺς
501 2546 629 2583 εὐήθεις
653 2547 722 2576 τῶν
749 2546 862 2586 λόγων

85 2589 165 2620 λίαν
181 2589 346 2623 ἐξετάζειν
360 2589 379 2603 ”
398 2589 529 2629 (Wolf).

129 2634 256 2662 Aeliam
272 2636 302 2661 et
318 2633 470 2672 Fufiam]
521 2632 579 2661 See
596 2632 703 2665 Quum
722 2631 861 2667 Senatui,

87 2686 113 2705 c.
135 2675 291 2704 5.—⁴Cn.
314 2675 496 2714 Pompeium
520 2697 527 2704 .
555 2698 561 2704 .
587 2698 594 2705 .
621 2675 750 2704 domum
777 2685 862 2704 com-

87 2718 169 2757 pulit
183 2717 202 2746 :’
229 2720 249 2733 “
263 2718 283 2746 i.
300 2728 327 2747 e.
344 2717 438 2747 domo
461 2728 494 2747 se
509 2722 617 2748 tenere
640 2719 752 2757 coegit,
777 2718 863 2747 dorni

88 2761 257 2795 continuit,
289 2761 430 2790 inclusit.
477 2761 636 2800 Loquutio
668 2765 794 2800 sumpta
824 2770 861 2789 ex

88 2804 145 2832 Or.
162 2803 194 2832 in
213 2803 316 2832 Pison.
334 2813 360 2832 e.
386 2805 415 2839 7,
432 2803 486 2832 ubi
510 2804 680 2842 respondet
698 2804 862 2833 contrariis

87 2846 201 2880 verbis,
219 2855 267 2874 me
279 2847 369 2875 domo
381 2856 449 2875 mea
460 2848 638 2884 expulistis.
685 2847 746 2876 Sed
764 2847 862 2885 magis

88 2889 224 2918 haeserit
239 2888 351 2927 aliquis
365 2889 469 2927 paullo
481 2892 554 2918 ante
569 2889 601 2918 in
615 2890 737 2919 Senatu
750 2890 865 2918 mentis

905 1956 1009 1985 neque
1034 1946 1109 1975 alias
1129 1946 1205 1975 mihi
1224 1947 1340 1977 lectum
1364 1947 1525 1977 memini”
1553 1947 1683 1988 (Wolf).

904 1989 981 2018 This
998 1990 1023 2018 is
1036 1989 1094 2019 Cn.
1109 1989 1288 2029 Pompeius’
1303 1991 1363 2019 last
1372 2001 1576 2029 appearance.
1623 1991 1684 2020 We

904 2032 984 2061 have
1010 2032 1122 2062 indeed
1153 2043 1226 2062 seen
1259 2033 1340 2063 little
1370 2033 1406 2063 of
1434 2034 1499 2063 him
1530 2034 1563 2063 in
1595 2034 1683 2063 these

905 2075 1064 2114 speeches.
1122 2075 1173 2105 He
1197 2076 1253 2105 has
1285 2076 1364 2106 been
1394 2076 1469 2106 shut
1499 2087 1541 2116 up
1572 2077 1605 2106 in
1635 2077 1684 2106 his

906 2118 1013 2147 house.

948 2162 1062 2190 vestris
1078 2161 1304 2200 monumentis]
1354 2162 1403 2191 De
1421 2162 1536 2198 Domo,
1553 2173 1579 2192 c.
1597 2164 1650 2192 44.

950 2204 1088 2232 hostium
1110 2205 1226 2233 castris
1249 2226 1255 2232 .
1276 2226 1282 2233 .
1300 2226 1306 2232 .
1332 2206 1477 2243 corpori-s·
1500 2207 1551 2234 sui
1573 2207 1682 2244 parti-

907 2246 964 2274 bus
975 2245 1008 2283 β]
1035 2245 1104 2274 The
1121 2256 1193 2274 man
1209 2246 1279 2275 who
1296 2250 1392 2276 wrote
1409 2247 1471 2277 this
1488 2258 1549 2277 was
1567 2249 1683 2288 utterly

907 2288 1016 2316 devoid
1034 2288 1070 2317 of
1083 2289 1347 2327 understanding;
1371 2290 1433 2319 and
1457 2291 1540 2319 what
1565 2291 1684 2321 follows

907 2330 1005 2359 about
1020 2331 1075 2360 the
1098 2331 1168 2370 ship
1185 2332 1209 2360 is
1226 2332 1332 2370 stupid
1352 2332 1474 2370 beyond
1494 2334 1683 2364 endurance.

908 2373 1076 2402 Markland
1093 2374 1125 2402 in
1142 2374 1189 2403 his
1212 2374 1400 2413 impatience
1415 2386 1493 2406 even
1516 2378 1683 2407 maintains

906 2416 975 2445 that
995 2418 1002 2431 ⁴
1016 2416 1119 2445 aetas’
1144 2422 1259 2446 cannot
1282 2417 1321 2447 be
1345 2419 1421 2448 used
1444 2419 1620 2460 absolutely
1637 2421 1684 2450 for

908 2462 915 2475 ⁴
927 2459 1043 2488 florens
1059 2458 1170 2495 aetas‚'
1187 2470 1222 2489 or
1239 2464 1245 2476 ‘
1258 2460 1341 2490 bona
1356 2461 1463 2495 aetas,’
1480 2473 1512 2492 as
1528 2463 1583 2492 the
1594 2470 1684 2502 poers

906 2503 984 2531 have
1001 2502 1034 2531 it.
1082 2502 1202 2531 Gesner
1225 2513 1335 2541 proves
1358 2504 1427 2534 that
1451 2505 1490 2534 he
1508 2506 1533 2535 is
1558 2516 1684 2544 wrong:

909 2548 927 2562 ‘⁴
943 2545 1077 2580 Damna,
1109 2545 1270 2582 dedecora,
1298 2557 1378 2585 quae
1407 2558 1456 2577 res
1482 2549 1576 2587 patris
1604 2549 1682 2585 ejus,

907 2591 992 2618 aetas
1008 2588 1105 2626 ipsius
1118 2589 1258 2627 pertulit,
1272 2593 1507 2628 praetereantur
1518 2590 1537 2603 ''
1556 2591 1640 2631 (Vol.
1656 2591 1683 2621 Ι.

907 2631 997 2660 Verr.
1015 2631 1046 2660 ii.
1069 2632 1094 2660 l.
1108 2641 1134 2660 c.
1156 2631 1218 2669 12).

956 2675 1056 2709 Quam
1088 2674 1223 2712 (lemque
1253 2677 1319 2703 lam
1344 2697 1351 2704 .
1375 2697 1382 2704 .
1401 2698 1408 2704 .
1435 2676 1634 2705 mandentem
1647 2676 1679 2715 .⁹]

910 2717 961 2747 lle
984 2727 1083 2755 grows
1100 2727 1192 2745 warin
1207 2729 1214 2745 :
1240 2717 1280 2746 he
1298 2717 1324 2746 is
1341 2718 1466 2756 coming
1481 2722 1514 2746 to
1531 2718 1584 2748 the
1601 2719 1660 2748 end
1675 2731 1682 2755 ;

906 2760 967 2790 and
994 2760 1075 2789 what
1102 2770 1141 2788 an
1167 2759 1249 2789 end!
1297 2760 1349 2789 All
1375 2760 1522 2790 criticism
1548 2771 1590 2790 on
1620 2761 1684 2791 this

907 2803 1062 2833 wretched
1075 2802 1188 2832 stuffis
1206 2806 1299 2832 waste
1315 2803 1349 2831 of
1358 2802 1478 2832 labour.

952 2856 1031 2884 qnae
1055 2848 1160 2875 tantos
1182 2868 1188 2875 .
1208 2869 1215 2875 .
1235 2869 1241 2875 .
1265 2846 1398 2884 posset,]
1450 2850 1549 2885 ‘quae
1579 2850 1684 2877 tantos

909 2889 1087 2918 exhauriret
1112 2887 1272 2927 gurgites’
1292 2888 1399 2923 Halm,
1425 2888 1686 2919 Baium—‘emi-

82 2932 236 2971 publicae
244 2932 395 2970 principe
406 2945 415 2961 .·
440 2931 525 2971 quod
537 2931 612 2971 quid
624 2932 674 2970 sit,
691 2942 749 2962 nec
765 2932 864 2971 capio,
910 2931 1059 2962 uentibus
1076 2931 1094 2961 :’
1120 2931 1288 2962 Markland
1301 2931 1437 2970 thought
1449 2932 1520 2961 that
1532 2942 1577 2962 we
1587 2933 1687 2972 ought

825 2974 952 3013 11112
