2002 3235
803 159 939 202 OAP.
970 162 1007 210 ],
1042 162 1082 203 2.
1663 165 1749 206 433

132 275 244 315 sules
266 278 422 325 essent,
448 273 676 330 exsanguis
693 277 822 329 atque
844 279 1047 316 aestuans
1069 289 1113 316 se
1134 289 1187 316 ex
1211 274 1327 316 curia
1347 279 1522 330 repente
1544 276 1750 331 proripuit

132 355 226 381 cum
262 340 514 395 quibusdam
549 339 697 380 fractis
728 340 819 395 jam
854 345 982 396 atque
1019 341 1215 382 inanibus
1250 340 1387 390 minis,
1428 345 1471 381 et
1508 355 1603 382 cum
1640 341 1748 383 illius

133 405 351 446 Pisoniani
392 405 595 460 temporis
633 405 942 461 Gabinianique
978 407 1225 448 terroribus.
1289 407 1424 459 Quem
1466 420 1595 461 quum
1631 422 1747 462 egre-

131 470 317 513 dientem
349 472 511 527 insequi
541 470 786 526 coepissem,
812 471 905 528 cepi
934 473 1127 528 equidem
1151 474 1338 514 fructum
1363 471 1593 512 maximum
1622 477 1666 513 et
1695 488 1747 513 ex

132 537 475 578 consurrectione
498 536 683 578 omnium
705 542 891 578 vestrum
913 543 957 579 et
979 553 1031 578 ex
1054 539 1260 580 comitatu
1283 538 1612 594 publicanorum.
1663 538 1747 579 Sed

130 616 277 643 vecors
317 607 491 657 repente
533 602 622 643 sine
663 617 739 643 suo
774 603 904 650 vultu,
939 604 1028 644 sine
1071 605 1223 654 colore,
1259 604 1349 645 sine
1384 618 1488 644 voce
1522 603 1741 652 constitit;

131 667 282 708 deinde
313 667 514 723 respexit,
543 673 586 709 et
618 668 795 710 simulac
829 669 905 710 Cn.
931 669 1160 711 Lentulum
1191 669 1404 711 consulem
1435 669 1613 725 aspexit,
1648 684 1746 710 con-

132 733 235 774 cidit
265 734 307 774 in
329 734 469 775 curiae
500 749 634 789 paene
664 734 818 785 limine,
842 736 1151 786 recordatione,
1176 736 1316 786 credo,
1343 735 1509 776 Gabinii
1542 735 1605 776 sui
1638 735 1745 775 desi-

132 799 333 855 derioque
357 799 539 841 Pisonis,
603 800 735 855 Cujus
764 816 843 857 ego
870 802 921 843 de
950 802 1153 843 effrenat-0
1176 807 1219 843 et
1241 801 1460 857 praecipiti
1481 802 1620 842 furore
1647 801 1746 856 quid

131 864 294 914 dicam3
339 870 414 906 aut
454 869 599 919 potest
633 866 897 920 gravioribus
932 881 957 907 a
997 882 1064 907 me
1101 866 1239 907 verbis
1272 867 1480 907 vulnerari
1518 882 1643 922 quam
1679 872 1745 908 est

129 929 276 970 statim
313 929 355 969 in
390 929 502 970 facto
537 930 628 985 ipso
664 945 689 971 a
724 931 975 986 gravissimo
1009 932 1096 973 viro
1136 932 1187 973 P.
1226 932 1402 973 Servilio
1437 933 1656 974 confectus
1695 947 1745 973 ac

129 995 395 1037 trucidatus?
457 994 590 1050 Cujus
620 996 656 1036 si
683 996 773 1050 jam
794 997 877 1037 vim
905 1003 948 1039 et
978 998 1233 1053 gravitatem
1265 998 1376 1038 illam
1409 998 1664 1054 singularem
1695 1013 1745 1039 ac

129 1075 261 1116 paene
283 1061 464 1102 divinam
485 1062 652 1116 assequi
675 1077 852 1117 possem,
878 1067 1022 1104 tamen
1045 1078 1128 1104 nou
1151 1063 1298 1104 dubito
1321 1064 1422 1119 quin
1444 1079 1493 1105 ea
1515 1064 1612 1113 tela,
1638 1079 1744 1119 quae

129 1127 360 1181 conjecerit
381 1126 583 1177 inimicus,
601 1142 725 1182 quam
743 1143 792 1169 ea
814 1143 919 1184 quae
941 1129 1102 1184 collega
1122 1129 1256 1185 patris
1279 1129 1417 1171 emisit
1439 1129 1595 1170 leviora
1616 1134 1744 1185 atque

128 1192 348 1233 hebetiora
370 1207 462 1233 esse
485 1193 720 1235 videantur.

189 1258 249 1298 ΙΙ.
285 1258 368 1299 Sed
389 1263 531 1299 tamen
548 1259 630 1299 mei
652 1259 752 1300 facti
774 1259 980 1300 rationem
1003 1274 1213 1315 exponere
1230 1260 1308 1301 illis
1330 1260 1437 1309 volo,
1453 1259 1523 1315 qui
1544 1260 1743 1301 hesterno

131 1324 197 1365 die
221 1324 362 1365 dolore
384 1339 450 1365 me
473 1324 630 1365 elatum
663 1329 704 1365 et
737 1325 955 1366 iracundia
975 1325 1142 1381 longius
1173 1341 1303 1381 prope
1332 1339 1603 1381 progressum
1633 1325 1743 1366 arbi-

128 1389 354 1430 trabantur
376 1404 501 1444 quam
524 1389 727 1444 sapientis
749 1390 930 1431 hominis
953 1391 1144 1446 cogitata
1161 1391 1271 1432 ratio
1294 1391 1564 1447 postulasset.
1628 1389 1743 1431 Nihil

128 1455 207 1496 feci
244 1455 390 1504 iratus,
423 1455 523 1496 nihil
558 1455 782 1511 impotenti
818 1456 969 1505 animo,
1003 1456 1105 1497 nihil
1132 1472 1217 1497 non
1250 1457 1317 1497 diu
1350 1457 1660 1497 consideratum
1692 1471 1743 1497 ac

128 1522 262 1563 multo
284 1526 384 1563 ante
405 1521 669 1563 meditatum.
735 1521 829 1577 Ego
852 1521 963 1562 enim
991 1537 1069 1573 me,
1095 1527 1240 1578 patres
1262 1522 1504 1577 conscripti,
1528 1522 1742 1562 inimicum

128 1601 295 1642 semper
316 1602 408 1628 esse
430 1587 644 1642 professus
665 1602 758 1628 sum
781 1587 958 1637 duobus,
983 1587 1052 1643 qui
1070 1603 1148 1639 me,
1174 1588 1243 1643 qui
1265 1603 1353 1629 rem
1370 1588 1588 1643 publicam,
1615 1602 1742 1642 quum

129 1652 354 1694 defendere
377 1653 591 1702 deberent,
616 1667 781 1693 servare
802 1657 989 1707 possent,
1008 1668 1220 1709 quumque
1242 1654 1295 1694 ad
1319 1654 1537 1695 consulare
1560 1653 1742 1694 officium

127 1718 229 1773 ipsis
262 1718 498 1774 insignibus
527 1718 634 1759 illius
660 1718 835 1774 imperii,
860 1719 914 1759 ad
947 1734 1084 1760 meam
1117 1719 1296 1760 salutem
1325 1734 1408 1759 non
1441 1719 1575 1760 solum
1597 1723 1742 1760 aucto-

127 1785 271 1835 ritate,
307 1786 381 1827 sed
415 1785 543 1827 etiam
580 1785 774 1840 precibus
809 1784 961 1826 vestris
998 1789 1260 1836 vocarentur,
1301 1785 1435 1840 primo
1471 1785 1741 1840 reliquerunt,

129 1851 276 1893 deinde
313 1851 600 1907 prodiderunt,
645 1855 860 1907 postremo
892 1856 1203 1907 oppugnarunt,
1248 1851 1527 1906 praemiisque
1559 1851 1742 1892 nefariae

128 1917 337 1972 pactionis
373 1917 562 1959 funditus
595 1932 678 1957 una
714 1931 809 1957 cum
840 1931 884 1957 re
920 1917 1088 1973 publica
1120 1931 1368 1973 oppressum
1400 1916 1742 1971 exstinctumque

127 1983 376 2030 volue1·unt;
412 1983 482 2038 qui
500 1997 604 2038 quae
625 1997 702 2023 suo
727 1983 857 2023 ductu
880 1988 922 2024 et
944 1982 1117 2038 imperio
1139 1987 1315 2024 cruento
1337 1982 1405 2023 illo
1427 1987 1554 2037 atque
1575 1981 1744 2023 funesto

127 2048 332 2104 supplicia
368 2063 503 2104 neque
540 2063 564 2089 a
599 2048 809 2089 sociorum
848 2048 1069 2089 moenibus
1110 2048 1346 2103 prohibere,
1382 2063 1516 2104 neque
1557 2048 1743 2089 hostium

126 2180 293 2211 Manutius
308 2180 405 2211 infers
421 2179 502 2210 from
513 2180 567 2210 the
583 2180 685 2210 words
703 2183 710 2196 ‘
722 2190 755 2210 se
770 2190 808 2210 ex
826 2180 911 2210 curia

126 2229 258 2264 repente
282 2225 439 2264 proripuit
453 2223 460 2237 ’
489 2224 560 2254 that
584 2224 639 2253 the
664 2223 790 2253 ‘valvae
804 2223 811 2237 ¹
830 2234 911 2253 were

126 2277 221 2307 open.
277 2268 417 2307 Perhaps
444 2267 520 2307 they
548 2277 648 2303 were3
683 2267 743 2296 and
773 2267 910 2306 perhaps

124 2311 201 2350 they
218 2321 298 2342 were
314 2311 399 2340 shut.
412 2316 455 2332 —‘
469 2311 563 2340 simul
579 2309 698 2350 atque‚'
717 2310 834 2340 Baiter.

170 2355 341 2394 respacis]
380 2355 431 2384 He
448 2354 560 2384 looked
573 2354 651 2383 back
668 2353 730 2383 and
747 2363 808 2383 saw
826 2353 909 2382 Len-

126 2397 223 2434 tulus,
248 2398 311 2427 and
341 2398 418 2427 then
437 2398 594 2427 ‘concidit
620 2397 652 2426 in
677 2397 780 2426 curiae
811 2406 911 2436 paene

125 2440 267 2470 limiuez'
301 2441 335 2470 of
363 2452 473 2472 course
501 2445 558 2471 not
581 2451 622 2471 on
653 2440 707 2470 the
734 2439 909 2475 threshold,

125 2484 196 2513 that
219 2485 323 2514 would
344 2485 384 2514 be
404 2489 456 2514 too
477 2485 616 2524 precise3
645 2484 703 2514 but
729 2484 781 2513 ‘in
807 2483 911 2512 curiae

125 2537 226 2566 paene
249 2527 376 2558 limine'
404 2527 469 2569 (see
492 2528 547 2558 the
565 2532 640 2557 note
664 2537 705 2556 on
722 2527 776 2556 the
801 2526 908 2559 Quum

127 2571 268 2607 Senatui,
286 2581 311 2600 c.
333 2571 397 2611 15).
446 2572 516 2601 He‘
532 2570 690 2606 concidit,'
703 2574 759 2599 not
777 2570 910 2599 because

125 2613 166 2642 he
191 2614 304 2643 looked
330 2613 410 2643 back
434 2615 497 2644 and
522 2625 584 2644 saw
602 2614 769 2648 Lentulus,
787 2613 910 2651 though

125 2657 165 2686 he
183 2661 190 2672 ‘
205 2657 361 2686 concidit'
380 2657 471 2687 when
496 2658 535 2687 he
557 2658 609 2687 did
634 2658 708 2687 look
726 2657 806 2686 back
821 2668 827 2693 ;
852 2657 911 2685 but

125 2700 166 2729 he
186 2702 192 2714 ‘
206 2700 343 2729 concidit
363 2723 370 2729 .
389 2723 396 2729 .
416 2723 422 2730 .
440 2701 657 2730 recordatione
686 2700 813 2731 Gabinii
839 2699 910 2729 sui.’

125 2743 195 2772 The
219 2743 383 2782 absurdity
412 2743 448 2773 of
470 2745 533 2773 this
555 2745 624 2773 first
645 2744 776 2783 chapter
799 2744 825 2772 is
851 2753 912 2772 un-

124 2786 272 2825 equalled
302 2785 344 2825 by
374 2797 436 2826 any
463 2787 555 2826 thing
579 2787 650 2816 that
680 2797 752 2817 ever
778 2787 793 2816 I
814 2787 908 2816 read:

124 2828 360 2859 “Admirabilis
384 2830 517 2869 pictura,
535 2831 567 2860 in
591 2840 654 2870 qua
681 2830 761 2859 nihil
778 2839 911 2869 quaeras

124 2872 271 2911 amplius,
300 2872 360 2902 nisi
392 2873 468 2912 quid
499 2873 613 2903 misero
644 2873 773 2903 homine
800 2876 912 2913 postea

126 2915 247 2946 factum
275 2915 326 2952 sit,
343 2915 382 2945 ad
405 2916 563 2947 Laremne
584 2926 677 2947 suum
701 2927 741 2948 an
758 2917 790 2947 in
815 2916 910 2947 Sena-

188 2972 283 3000 VOL.
308 2972 379 3001 111.

955 2182 1025 2210 tum
1042 2179 1207 2209 reverterit
1221 2178 1240 2191 ''
1259 2178 1389 2220 (Wolf).

1000 2225 1057 2252 aut
1067 2223 1192 2262 potest]
1243 2222 1337 2252 Some
1356 2222 1492 2252 editions
1515 2222 1595 2252 have
1624 2223 1743 2253 ‘Haud

956 2269 1063 2306 potest
1076 2265 1083 2278 ’
1101 2265 1237 2294 without
1255 2265 1306 2295 the
1318 2266 1548 2304 interrogation
1566 2269 1599 2296 at
1616 2266 1670 2296 the
1680 2266 1742 2296 end

957 2309 1054 2338 ofthe
1067 2311 1227 2338 sentence.
1256 2308 1363 2338 Baiter
1374 2309 1430 2339 has
1442 2313 1449 2325 ⁴
1462 2309 1563 2339 dicam
1576 2311 1586 2339 ?
1610 2309 1721 2339 Potest
1734 2309 1741 2321 '

956 2352 1092 2382 without
1109 2355 1116 2368 ‘
1127 2350 1235 2381 haud.y

1000 2395 1142 2433 infacto
1166 2394 1250 2434 ipso]
1302 2394 1429 2427 ‘Quum
1454 2395 1616 2434 egrediens
1640 2396 1741 2425 mina-

955 2437 1059 2468 retur'
1087 2436 1294 2477 (Manutius).
1342 2438 1374 2467 It
1397 2438 1423 2468 is
1447 2441 1504 2468 not
1528 2449 1601 2479 easy
1617 2442 1650 2468 to
1674 2439 1742 2468 find

955 2482 1025 2512 that
1052 2486 1119 2510 out.
1169 2481 1202 2510 P.
1229 2481 1378 2511 Servilius
1404 2481 1562 2511 Isauricus
1592 2493 1655 2511 was
1686 2482 1741 2511 the

956 2525 1115 2563 colleague
1126 2524 1162 2553 of
1170 2523 1311 2553 Publius'
1323 2524 1426 2554 father
1438 2525 1469 2554 in
1483 2525 1537 2554 the
1548 2525 1742 2564 consulship,

955 2579 989 2598 as
999 2569 1024 2598 it
1039 2568 1065 2597 is
1079 2567 1145 2597 said
1162 2567 1247 2603 here,
1264 2567 1297 2597 in
1315 2576 1381 2597 B.c.
1399 2568 1450 2603 79.
1498 2568 1563 2608 (De
1580 2569 1696 2603 Domo,
1714 2578 1741 2597 c.

956 2613 1008 2647 31,
1026 2609 1126 2649 note.)

1000 2657 1030 2685 2.
1056 2652 1206 2692 duobus]
1256 2653 1325 2682 The
1352 2652 1456 2682 ‘twa’
1504 2653 1555 2683 He
1583 2653 1652 2682 who
1683 2653 1740 2682 has

957 2697 1032 2727 read
1049 2697 1103 2726 the
1119 2697 1208 2726 three
1224 2697 1364 2725 orations
1382 2696 1445 2725 will
1462 2696 1501 2725 be
1518 2707 1591 2735 very
1607 2696 1743 2726 familiar

957 2741 1034 2771 with
1059 2741 1149 2770 these
1174 2750 1258 2775 men,
1287 2739 1349 2768 and
1380 2739 1456 2768 with
1482 2739 1537 2768 the
1570 2744 1576 2756 ⁶
1592 2740 1740 2778 praemiis

956 2784 1092 2814 nefariae
1123 2782 1355 2823 pactionis.'——‘
1366 2792 1466 2822 paene
1497 2781 1591 2820 hujus
1617 2783 1742 2822 imperii

956 2827 1099 2868 pestibus
1113 2827 1131 2856 :'
1157 2824 1296 2866 ‘paene’
1325 2826 1428 2864 again.
1476 2825 1534 2854 See
1560 2835 1588 2855 c.
1620 2826 1647 2862 l,
1679 2826 1741 2855 and

959 2872 1067 2904 Quum
1096 2870 1237 2905 Senatui,
1259 2879 1287 2898 c.
1318 2871 1365 2905 15,
1390 2870 1484 2905 note3
1509 2868 1582 2904 and,
1607 2878 1641 2899 as
1665 2869 1741 2909 they

958 2925 1022 2955 say,
1041 2924 1092 2944 see
1108 2913 1198 2944 these
1214 2913 1284 2943 four
1299 2912 1438 2942 orations
1456 2913 1463 2928 ⁴
1477 2911 1617 2951 passim.’

1450 2954 1516 2994 Ff
