2063 3242
337 197 389 240 74
705 194 882 236 ORAT.
918 195 999 237 IV.
1035 193 1100 235 IN
1135 194 1184 235 L.
1208 193 1561 236 CATILINAM

334 311 512 365 brogum
535 309 715 365 Titoque
739 308 964 351 Vulturcio
986 308 1163 349 dedistis
1190 307 1458 363 amplissima.
1521 307 1638 359 Quae
1662 311 1762 348 sunt
1795 307 1930 348 omnia

335 375 539 431 ejusmodi
559 381 608 417 ut
628 375 655 416 ii
677 375 746 430 qui
768 375 809 414 in
832 374 1067 415 custodiam
1089 373 1336 414 nominatim
1366 372 1452 413 dati
1481 377 1580 413 sunt
1601 371 1689 412 sine
1710 372 1793 413 ulla
1814 371 1930 413 dubi-

333 442 496 484 tatione
517 456 542 482 a
564 441 680 482 vobis
702 440 887 481 damnati
910 454 1001 480 esse
1024 439 1258 479 videantur.

394 507 477 547 Sed
500 521 578 562 ego
600 505 763 547 institui
786 505 939 545 referre
960 504 1013 544 ad
1035 518 1119 553 VOS,
1144 508 1287 558 patres
1308 503 1547 558 conscripti,
1581 507 1797 557 tamquam
1828 503 1931 544 inte-

333 587 467 628 grum,
499 579 543 613 et
570 572 620 612 de
650 572 763 612 facto
795 570 894 625 quid
921 569 1130 623 judicetis
1156 574 1199 609 et
1222 570 1273 609 de
1295 583 1427 623 poena
1449 568 1547 623 quid
1569 568 1791 609 censeatis.
1856 568 1934 608 Illa

333 637 571 693 praedicam
593 651 697 691 quae
719 641 817 676 sunt
846 634 1042 675 consulis.
1106 634 1201 688 Ego
1226 648 1425 688 magnum
1453 634 1494 673 in
1522 648 1566 674 re
1592 633 1757 688 publica
1778 635 1934 676 versari

334 703 518 743 furorem
553 706 596 743 et
632 716 739 742 nova
773 701 978 755 quaedam
1015 698 1180 740 misceri
1217 703 1260 739 et
1301 698 1503 739 concitari
1539 698 1646 738 mala
1681 698 1934 753 jampridem

333 767 551 815 videbam3
587 767 660 807 sed
681 766 788 805 hanc
810 770 985 811 tantam,
1009 770 1097 805 tam
1119 763 1340 805 exitiosam
1372 763 1516 803 haberi
1548 762 1879 817 conjurationem
1908 778 1934 804 a

334 833 494 873 civibus
515 845 740 886 numquam
762 830 916 885 putavi.
980 829 1103 870 Nunc
1136 828 1338 884 quidquid
1369 833 1446 877 est,
1482 842 1744 882 quocumque
1769 833 1933 870 vestrae

333 903 496 939 mentes
522 896 723 937 inclinant
748 901 875 950 atque
906 894 1155 944 sententiae,
1189 894 1460 935 statuendum
1487 893 1604 934 vobis
1632 898 1731 934 ante
1764 899 1933 935 noctem

334 968 412 1004 est.
476 962 689 1014 Quantum
717 960 877 1001 facinus
898 960 951 1000 ad
973 974 1046 1001 vos
1068 960 1253 1000 delatum
1275 959 1331 1000 sit
1354 958 1519 999 videtis.
1583 957 1696 998 Huic
1718 958 1752 998 si
1775 972 1933 1015 paucos

333 1027 491 1083 putatis
511 1027 657 1067 affines
679 1040 769 1066 esse
790 1025 1059 1066 vehementer
1079 1024 1241 1065 erratis.
1306 1023 1453 1064 Latius
1474 1022 1667 1078 opinione
1690 1022 1933 1064 dissemina-

333 1103 423 1133 tum
445 1096 510 1133 est
532 1092 609 1132 hoc
631 1091 783 1132 malum
804 1108 811 1132 :
847 1089 1031 1132 manavit
1061 1104 1145 1130 non
1175 1089 1309 1130 solum
1340 1104 1414 1144 per
1437 1088 1617 1137 Italiam⁷
1641 1102 1784 1128 verum
1806 1088 1934 1129 etiam

334 1156 596 1199 transcendit
618 1156 749 1210 Alpes
771 1160 814 1196 et
836 1156 1009 1196 obscure
1032 1169 1203 1208 serpens
1224 1154 1378 1195 multas
1395 1154 1484 1207 jam
1500 1152 1734 1207 provincias
1755 1167 1933 1209 occupa·

334 1223 406 1264 vit.
472 1222 522 1262 Id
559 1220 737 1276 opprimi
770 1220 1048 1261 sustentando
1083 1234 1132 1259 ac
1168 1219 1416 1274 prolatando
1457 1218 1568 1258 nullo
1610 1222 1735 1273 pacto
1777 1223 1932 1273 potest.

336 1288 607 1342 Quacumque
640 1287 802 1327 ratione
835 1286 988 1340 placet,
1023 1285 1214 1326 celeriter
1242 1284 1359 1324 vobis
1384 1284 1678 1324 vindicandum
1706 1288 1783 1324 est.
1848 1283 1930 1325 IV.

335 1353 473 1393 Video
494 1353 631 1392 adhuc
653 1352 757 1391 duas
779 1365 871 1392 esse
892 1350 1150 1391 sententias:
1184 1364 1310 1389 unam
1343 1348 1396 1388 D.
1422 1348 1562 1398 Silani,
1593 1348 1662 1403 qui
1690 1353 1836 1390 censet
1861 1363 1933 1389 eos

333 1418 401 1472 qui
438 1418 540 1457 haec
575 1417 711 1457 delere
745 1415 886 1456 conati
920 1420 1019 1455 sunt
1051 1418 1187 1454 morte
1224 1428 1317 1454 esse
1349 1413 1640 1454 mulctandos:
1675 1413 1850 1454 alteram
1885 1413 1932 1454 G.

334 1482 537 1531 Caesaris,
590 1481 658 1536 qui
700 1480 849 1521 mortis
889 1494 1067 1534 poenam
1107 1484 1307 1528 removet,
1356 1483 1595 1519 ceterorum
1635 1478 1934 1534 suppliciorum

333 1562 477 1588 omnes
509 1546 764 1588 acerbitates
796 1544 1076 1599 amplectitur.
1141 1543 1333 1598 Uterque
1368 1548 1412 1584 et
1444 1558 1518 1597 pro
1553 1558 1627 1584 sua
1658 1543 1865 1599 dignitate
1890 1548 1933 1585 et

332 1628 406 1668 pro
440 1628 578 1653 rerum
607 1611 896 1667 magnitudine
923 1610 965 1650 in
998 1624 1161 1650 summa
1193 1609 1414 1650 severitate
1436 1614 1639 1650 versatur.
1702 1609 1825 1650 Alter
1846 1623 1929 1660 eoS,

333 1678 402 1733 qui
424 1692 500 1718 nos
521 1691 678 1726 omnes,
713 1676 802 1731 [qui
825 1675 1023 1730 populum
1046 1673 1303 1729 Romanum]
1335 1674 1420 1714 vita
1452 1673 1614 1728 privare
1648 1674 1787 1714 conati
1819 1678 1930 1723 sunt,

333 1743 401 1798 qui
420 1743 554 1782 delere
572 1742 801 1796 imperium,
821 1740 890 1795 qui
907 1740 1049 1795 populi
1068 1739 1246 1779 Romani
1264 1754 1413 1779 nomen
1431 1738 1710 1793 exstinguere,
1730 1745 1933 1794 punctum

332 1807 535 1861 temporis
565 1806 645 1846 frui
676 1807 760 1847 vita
793 1812 836 1847 et
867 1806 946 1846 hoc
976 1805 1184 1846 communi
1206 1804 1352 1859 spiritu
1377 1818 1459 1844 non
1481 1808 1606 1858 putat
1626 1811 1832 1859 oportere,
1867 1809 1930 1846 at-

334 1887 413 1927 que
442 1872 520 1911 1100
545 1886 676 1925 genus
709 1885 865 1925 poenae
896 1885 1019 1925 saepe
1051 1870 1092 1910 in
1123 1870 1334 1924 improbos
1367 1868 1476 1909 cives
1508 1868 1549 1908 in
1583 1869 1660 1909 hac
1691 1884 1735 1909 re
1764 1870 1932 1924 publica

336 1952 426 1978 esse
458 1940 705 1991 usurpatum
732 1935 989 1976 recordatur.
1053 1934 1177 1975 Alter
1202 1933 1398 1988 intelligit
1418 1938 1597 1974 mortem
1618 1948 1643 1974 a
1665 1934 1742 1974 diis
1765 1934 1930 1975 immor-

334 2063 389 2093 the
419 2066 527 2092 senate
556 2062 714 2102 promised
744 2061 798 2102 (In
833 2063 960 2098 Sallust,
987 2062 1055 2092 Cat.
1080 2072 1107 2092 0.
1155 2062 1170 2091 Ι
1199 2070 1344 2101 suppose,
1361 2060 1446 2090 what
1469 2061 1495 2090 is
1519 2061 1573 2091 the
1598 2060 1764 2091 difference
1789 2060 1931 2092 between

334 2106 402 2145 30),
430 2116 447 2135 a
475 2106 576 2145 paltry
593 2116 661 2135 sum
685 2105 721 2135 of
740 2115 864 2144 money.
912 2106 943 2135 It
967 2116 1029 2135 was
1053 2108 1109 2134 not
1153 2105 1207 2134 the
1224 2105 1360 2143 genitive
1375 2104 1437 2133 and
1453 2104 1507 2133 the
1522 2104 1649 2135 dative?
1687 2104 1790 2134 There
1806 2105 1831 2134 is
1848 2115 1931 2135 none

335 2149 470 2178 unusual
497 2153 529 2178 to
555 2148 671 2178 reward
697 2149 856 2178 witnesses
881 2158 917 2178 or
943 2148 1109 2178 infor-mers
1153 2152 1186 2178 at
1202 2148 1252 2184 all,
1270 2148 1296 2177 if
1308 2147 1362 2177 the
1378 2150 1460 2176 texts
1477 2157 1529 2177 are
1544 2147 1637 2186 right.

337 2192 412 2231 (Pro
430 2192 464 2221 P.
483 2192 578 2226 Sulla,
595 2202 621 2221 c.
642 2190 706 2231 18).
1191 2192 1394 2230 provincias]
1436 2190 1496 2220 We
1521 2191 1560 2220 do
1586 2194 1641 2220 not
1671 2190 1765 2221 know
1788 2190 1931 2221 whether

378 2233 735 2273 rqferre-inteqrum,]
775 2233 832 2264 See
858 2234 896 2263 In
921 2234 991 2264 Cat.
1015 2234 1057 2264 iii.
1077 2235 1107 2269 3,

335 2277 396 2306 and
412 2277 466 2306 the
488 2281 624 2306 note.—‘
639 2281 712 2306 ante
735 2282 859 2306 noctem
873 2276 892 2306 :¹
917 2287 958 2306 110
976 2277 1108 2307 Senatus

335 2320 514 2349 consultum
542 2320 631 2349 could
660 2320 698 2349 be
729 2320 819 2349 made
845 2320 924 2349 aster
951 2320 1107 2357 nightfall.

335 2363 404 2392 The
420 2363 486 2392 11110
502 2363 528 2392 15
544 2362 644 2392 stated
661 2362 702 2401 by
721 2363 839 2393 Gellius
858 2363 932 2400 (xiv.
947 2362 980 2401 7)
998 2373 1039 2391 on
1054 2363 1109 2392 the

335 2405 494 2444 authority
521 2405 556 2435 of
578 2406 699 2434 Varro:
725 2406 833 2434 “Post
859 2405 935 2435 haec
962 2405 1108 2444 deinceps

335 2448 411 2478 dicit
435 2452 561 2477 senatus
588 2448 765 2477 consultum
791 2451 863 2477 ante
888 2452 1031 2477 exortum
1055 2451 1109 2477 aut

336 2494 409 2530 post
446 2501 588 2520 occasum
627 2491 723 2520 solem
762 2491 879 2520 factum
911 2494 1012 2520 ratum
1044 2500 1109 2519 non

336 2534 449 2564 fuisse:
474 2544 553 2572 opus
574 2534 666 2562 etiam
685 2534 860 2562 censorium
878 2533 986 2562 fecisse
1002 2534 1106 2563 existi-

337 2581 436 2606 matos
453 2587 508 2615 1101
524 2586 602 2615 (11105
619 2586 654 2605 00
671 2580 811 2614 1011111010
835 2580 961 2605 senatus
985 2576 1107 2605 consul-

336 2624 403 2649 tum
429 2620 545 2649 factum
570 2618 684 2648 05501.”
730 2619 807 2647 This
823 2629 884 2647 was
908 2619 989 2647 done
1006 2629 1107 2647 501110-

335 2663 436 2698 1111105,
466 2662 523 2691 but
549 2662 573 2691 it
596 2672 656 2690 was
682 2662 768 2700 (111110
791 2661 940 2697 111-01111131·
960 2661 1039 2699 (Cic.
1058 2661 1107 2690 Ad

337 2705 423 2734 Fam.
441 2706 459 2734 i.
475 2708 511 2740 23
539 2705 616 2734 Phil.
630 2705 671 2733 iii.
686 2715 711 2732 ‹·.
728 2704 926 2743 10).—·hui‹:
939 2703 1106 2732 sustines?

335 2758 387 2777 see
413 2748 482 2777 Vol.
507 2748 532 2777 Ι.
551 2748 639 2776 Verr.
664 2747 694 2775 ii.
720 2748 750 2776 2.
772 2757 796 2776 0,
815 2747 866 2781 38,
886 2750 892 2762 ‘
907 2746 949 2774 101
967 2747 1107 2785 capitalis

335 2791 459 2820 affinem
473 2789 491 2827 ;’
516 2790 587 2819 Ter.
608 2790 703 2819 Haut.
721 2789 740 2818 i.
767 2791 796 2825 3,
814 2791 844 2824 3,
869 2789 925 2818 1135
946 2789 970 2818 it
995 2789 1067 2818 with
1090 2800 1107 2818 a

334 2834 492 2871 genitive;
520 2833 578 2863 Pro
607 2832 692 2862 Sext.
723 2832 815 2861 Rosc.
842 2831 1003 2864 Amerino,
1023 2842 1049 2861 c.
1073 2833 1102 2866 7,

336 2876 441 2905 ‘hunc
471 2876 595 2906 affinem
627 2874 765 2915 culpae3’
802 2875 862 2905 Pro
890 2874 1047 2910 Cluentio,
1079 2884 1105 2903 0.

335 2920 386 2955 45,
406 2921 413 2934 ‘
428 2919 535 2948 affines
551 2919 578 2949 ei
595 2917 806 2958 turpitudini.y
863 2917 956 2947 Halm
973 2917 1056 2953 asks,
1074 2928 1107 2947 as

1152 2234 1216 2264 this
1231 2234 1257 2263 is
1273 2244 1312 2263 an
1329 2233 1490 2262 oratorical
1507 2233 1727 2272 exaggeration
1743 2243 1778 2263 or
1789 2234 1931 2263 whether

1153 2277 1289 2307 Catilina
1316 2276 1376 2305 had
1400 2277 1558 2315 partizans
1582 2277 1615 2306 in
1641 2286 1704 2315 any
1727 2276 1762 2305 of
1782 2276 1836 2306 the
1854 2277 1929 2306 Pro-

1153 2329 1282 2349 vmcxae.

1199 2364 1226 2392 4.
1252 2363 1294 2391 D.
1325 2362 1458 2401 Silani‚]
1503 2362 1563 2391 His
1589 2361 1717 2400 opinion
1745 2372 1807 2391 was
1832 2362 1928 2392 asked

1154 2405 1222 2434 first
1237 2414 1278 2433 on
1295 2404 1349 2433 the
1366 2404 1571 2442 punishment
1594 2404 1630 2433 of
1648 2404 1702 2433 the
1718 2405 1929 2444 conspirators

1155 2447 1298 2487 (Sallust,
1323 2446 1391 2476 Cat.
1415 2457 1441 2477 c.
1459 2446 1535 2487 50):
1562 2450 1581 2463 ‘¹
1595 2447 1718 2476 Primus
1740 2448 1928 2477 sententiam

1153 2494 1280 2528 rogatus
1304 2490 1450 2529 estquod
1476 2500 1512 2518 eo
1535 2493 1676 2528 tempore
1700 2491 1809 2520 consul
1826 2491 1927 2530 desig-

1155 2537 1246 2562 natus
1263 2531 1364 2561 erat.’'
1411 2533 1536 2571 Appian
1559 2531 1612 2571 (B.
1631 2532 1667 2562 C.
1684 2533 1715 2561 ii.
1733 2532 1766 2572 5)
1785 2544 1854 2572 says
1874 2534 1929 2563 the

1153 2586 1248 2605 same.
1291 2575 1354 2604 But
1372 2576 1506 2608 Silanus,
1524 2575 1593 2604 who
1610 2575 1669 2604 had
1686 2577 1840 2615 proposed
1859 2576 1928 2606 that

1152 2618 1206 2647 the
1233 2618 1443 2656 conspirators
1471 2618 1583 2647 should
1614 2618 1653 2647 be
1681 2622 1738 2657 put
1765 2623 1796 2648 to
1821 2619 1926 2655 (103111,

1153 2661 1291 2697 changed
1310 2661 1356 2690 his
1374 2661 1460 2690 mind
1476 2660 1556 2689 after
1573 2661 1687 2690 (130531
1709 2661 1769 2690 had
1794 2662 1926 2701 spoken,

1152 2704 1212 2732 and
1238 2713 1299 2732 was
1324 2704 1355 2732 111
1382 2704 1489 2733 favour
1512 2704 1547 2732 os
1565 2703 1614 2733 Ti.
1632 2704 1747 2733 Nero's
1770 2705 1926 2744 proposal‚

1153 2749 1172 2762 ‘¹
1185 2746 1268 2785 quod
1281 2746 1319 2775 110
1332 2757 1366 2776 03
1379 2757 1411 2775 rc
1425 2746 1583 2785 praesidiis
1599 2747 1712 2776 additis
1724 2747 1926 2777 referundum

1152 2789 1346 2818 censuerat.”
1373 2788 1529 2829 (Sallust.)

1195 2832 1413 2871 2·eco›·dalm·.]
1444 2832 1538 2861 Halm
1555 2831 1701 2862 observes
1717 2832 1787 2862 that
1803 2836 1810 2849 ⁴
1822 2842 1925 2862 recor-

1152 2874 1243 2904 datur
1255 2874 1261 2886 '
1280 2874 1304 2903 is
1326 2878 1382 2904 not
1405 2875 1583 2914 equivalent
1606 2878 1639 2905 to
1653 2879 1660 2891 ⁴
1675 2875 1923 2910 commemorat,'

1151 2917 1183 2946 in
1199 2917 1300 2946 which
1317 2927 1406 2947 sense
1424 2921 1430 2933 ⁴
1446 2917 1640 2948 recordatur'
1658 2919 1732 2948 does
1755 2922 1812 2948 not
1832 2927 1926 2948 occur
