2002 3235
775 158 908 201 OAP.
941 161 1064 202 4—6.
1662 167 1714 207 59

127 273 264 315 dicere
288 273 424 323 vellet,
458 272 535 314 feci
563 276 831 328 potestatem.
891 273 1037 328 Atque
1065 272 1132 313 ille
1160 273 1293 328 primo
1321 273 1487 328 quidem
1515 277 1710 328 negavit:

126 343 222 392 post
242 344 383 379 autem
405 337 618 392 aliquanto
641 342 731 379 toto
749 338 836 392 jam
859 337 1012 378 indicio
1029 338 1221 392 exposito
1237 344 1364 393 atque
1381 339 1494 379 edito
1511 341 1711 382 surrexit:

127 403 329 457 quaesivit
350 417 375 442 a
397 402 527 443 Gallis
548 403 645 457 quid
669 403 745 443 sibi
773 407 884 443 esset
907 417 1000 442 cum
1022 403 1089 450 iis;
1120 403 1387 457 quamobrem
1411 403 1577 443 domum
1598 419 1715 446 suam

125 467 348 517 venissent,
374 467 556 522 itemque
577 482 601 508 a
625 467 861 508 Vulturcio.
924 467 1002 518 Qui
1024 482 1151 522 quum
1173 467 1228 507 illi
1249 468 1434 508 breviter
1456 474 1716 510 constanter-

127 546 206 587 que
228 533 554 587 respondissent,
578 547 652 588 per
672 547 794 587 quem
816 533 868 573 ad
889 548 996 581 eum,
1024 532 1269 587 quotiesque
1291 533 1512 581 venissent,
1535 534 1715 588 quaesis-

127 602 303 651 sentque
329 598 382 637 ab
407 612 456 638 eo
485 597 638 637 nihilne
666 612 806 638 secum
831 603 944 638 esset
973 598 1024 638 de
1055 597 1154 638 fat-is
1184 597 1393 650 Sibyllinis
1423 597 1602 649 locutus,
1626 605 1716 639 tum

127 661 193 702 ille
224 662 377 709 subito,
410 662 566 703 scelere
598 663 780 712 demens,
815 667 971 718 quanta
1003 662 1281 703 conscientiae
1303 662 1362 703 vis
1384 668 1496 703 esset
1518 664 1715 704 ostendit.

130 725 239 766 Nam
261 741 388 781 quum
409 726 450 767 id
480 732 622 779 posset
651 727 833 775 infitiari,
866 731 1039 782 repente
1069 732 1236 781 praeter
1266 727 1501 782 opinionem
1533 729 1717 769 omnium

128 791 342 831 confessus
363 798 451 832 est:
486 792 545 833 ita
566 807 660 833 eum
681 807 763 833 non
785 792 907 832 modo
929 791 1141 846 ingenium
1172 792 1274 832 illud
1304 797 1348 833 et
1375 793 1539 834 dicendi
1561 793 1716 834 exerei-

127 855 247 903 tat-io,
281 870 363 910 qua
392 871 557 911 semper
584 857 726 906 valuit,
759 857 833 898 sed
865 856 992 897 etiam
1020 862 1193 911 propter
1214 857 1295 898 vim
1317 857 1485 898 sceleris
1506 858 1716 898 manifesti

126 925 254 975 atque
288 921 533 976 deprehensi
568 921 826 977 impudentIa
858 936 940 976 qua
966 923 1192 976 superabat
1219 937 1362 963 omnes
1390 922 1717 978 improbitasque

128 985 293 1026 defecit.
372 985 621 1027 Vulturcius
662 1001 758 1027 vero
799 987 939 1027 subito
979 987 1155 1042 proferri
1194 987 1359 1028 litteras
1399 992 1526 1042 atque
1565 988 1716 1042 aperiri

124 1050 258 1104 jubet,
283 1065 385 1105 quas
406 1050 486 1091 sibi
507 1066 532 1091 a
556 1051 734 1092 Lentulo
756 1051 810 1092 ad
833 1051 1054 1092 Catilinam
1076 1052 1199 1093 datas
1220 1066 1311 1092 esse
1333 1051 1510 1094 dicebat.
1572 1053 1715 1108 Atque

126 1114 183 1155 ibi
204 1115 566 1157 vehementissime
588 1117 858 1171 perturbatus
883 1117 1098 1167 Lentulus,
1118 1122 1259 1158 tamen
1280 1121 1323 1158 et
1344 1117 1510 1172 signum
1531 1132 1650 1159 suum
1672 1123 1716 1159 et

125 1195 295 1221 manum
330 1182 537 1236 cognovit.
600 1181 738 1223 Erant
776 1188 920 1224 autem
954 1182 1174 1238 [scriptae]
1209 1183 1297 1223 sine
1328 1183 1494 1224 nomine
1524 1184 1596 1224 sed
1628 1184 1711 1225 ita:

131 1246 228 1296 Quis
248 1247 324 1287 sim
343 1247 438 1287 scies
457 1262 503 1287 ex
523 1262 562 1287 eo
584 1261 695 1301 quem
716 1247 774 1287 ad
793 1254 826 1287 te
846 1248 952 1288 misi.
1017 1249 1129 1288 Oura
1150 1254 1194 1288 ut
1214 1248 1280 1287 vir
1298 1248 1363 1298 sis,
1397 1254 1431 1288 et
1456 1248 1583 1300 σωρῖται
1604 1263 1716 1303 quem

124 1312 170 1351 in
191 1311 317 1352 locum
337 1313 391 1353 sis
414 1326 674 1367 promes-526&
709 1313 799 1353 vide
825 1320 859 1354 et
889 1314 991 1368 quid
1019 1313 1093 1354 tibi
1115 1314 1208 1367 jam
1239 1314 1292 1353 sit
1316 1328 1470 1361 necesse,
1493 1320 1527 1354 et
1548 1328 1647 1354 cura
1672 1320 1715 1354 ut

125 1377 300 1417 omnium
335 1376 408 1418 tibi
443 1377 604 1418 auaez'lz'a
637 1378 838 1432 adjecit-clas
871 1379 991 1419 etiam
1023 1379 1266 1430 infimormn.
1329 1378 1530 1418 Gabinius
1567 1379 1714 1419 deinde

124 1441 397 1491 introductus,
424 1457 548 1497 quum
571 1443 704 1497 primo
737 1443 1002 1497 impudenter
1032 1443 1280 1498 respondere
1311 1443 1528 1498 coepisset,
1561 1444 1614 1484 ad
1645 1459 1714 1484 ex-

123 1512 304 1548 tremum
340 1508 439 1548 nihil
475 1522 526 1548 ex
562 1508 613 1548 iis
648 1523 753 1562 quae
790 1508 898 1548 Galli
940 1509 1237 1548 insimulabant
1272 1508 1452 1562 negavit.
1516 1508 1582 1548 Ac
1615 1508 1715 1548 mihi

125 1572 302 1627 quidem,
329 1572 526 1624 Quirites,
551 1588 677 1627 quum
709 1572 777 1612 illa
808 1573 1041 1614 certissima
1063 1573 1150 1613 visa
1181 1576 1278 1614 sunt
1310 1577 1559 1627 argumenta
1588 1577 1715 1628 atque

127 1637 278 1678 indicia
318 1637 497 1688 sceleris,
540 1637 731 1687 tabellae,
766 1638 898 1693 signa,
934 1653 1093 1687 manus,
1138 1638 1314 1692 denique
1355 1638 1475 1677 unius
1516 1638 1715 1693 cujusque

125 1702 341 1752 confessio,
375 1708 465 1744 tum
496 1703 627 1744 multo
654 1702 834 1744 certiora
861 1702 941 1752 illa,
965 1703 1091 1750 color,
1115 1703 1234 1752 oculi,
1260 1702 1408 1751 vultus,
1432 1702 1712 1744 taciturnitas

127 1767 195 1808 Sic
218 1768 324 1808 enim
347 1769 662 1823 obstupuerant,
687 1768 746 1809 sic
768 1774 925 1809 terram
947 1769 1227 1816 intuebantur,
1261 1768 1320 1808 sic
1349 1768 1492 1808 furtim
1514 1783 1714 1809 nonnum-

124 1847 246 1887 quam
267 1833 378 1874 inter
398 1848 490 1874 sese
512 1833 782 1888 aspiciebant,
816 1839 863 1875 ut
888 1849 971 1874 non
994 1833 1084 1887 jam
1106 1835 1158 1874 ab
1179 1833 1270 1874 aliis
1302 1832 1475 1873 indicari
1508 1833 1581 1874 sed
1613 1833 1714 1874 indi-

125 1912 219 1939 care
240 1913 284 1938 se
306 1898 384 1953 ipsi
406 1899 659 1940 viderentur.

183 1962 265 2004 VI.
304 1963 472 2005 Indiciis
493 1963 696 2018 expositis
720 1968 847 2018 atque
875 1964 1000 2005 editis
1031 1968 1223 2005 senatum
1252 1964 1440 2005 consului
1473 1964 1523 2005 de
1554 1978 1716 2005 summa

124 2042 168 2068 re
190 2028 355 2083 publica
376 2029 473 2083 quid
501 2028 589 2069 fieri
615 2028 811 2083 placeret.
875 2029 1026 2070 Dictae
1047 2035 1145 2070 sunt
1166 2043 1190 2068 a
1211 2029 1467 2084 principibus
1488 2029 1716 2070 acerrimae

123 2107 174 2134 ac
214 2093 466 2134 fortissimae
507 2093 754 2141 sententiae,
793 2108 898 2148 quas
942 2099 1114 2135 senatus
1155 2093 1244 2134 sine
1284 2093 1366 2133 ulla
1406 2094 1610 2135 varietate
1651 2101 1716 2135 est

123 2163 306 2199 secutus.
368 2158 426 2199 Et
448 2158 643 2212 quoniam
665 2159 848 2198 nondum
879 2164 944 2200 est
971 2159 1250 2214 perscriptum
1273 2160 1712 2208 senatusconsultum,

165 2278 320 2318 scriptae]
369 2278 446 2308 This
459 2278 544 2308 word
560 2278 585 2308 is
601 2278 740 2317 wanting
754 2278 786 2308 in
803 2288 896 2308 seven

122 2321 204 2359 good
235 2321 468 2351 MSS.—‘vide
499 2321 573 2361 quid
589 2321 608 2350 ι’
645 2321 734 2351 ‘vide
759 2320 896 2361 ecquid,'

126 2364 231 2399 Halm,
248 2364 279 2394 in
295 2364 350 2394 the
366 2364 480 2394 second
499 2364 627 2394 edition.
675 2365 792 2394 Sallust
809 2364 894 2403 (Cat.

123 2416 150 2436 c,
170 2407 226 2447 44)
252 2407 407 2446 professes
434 2412 466 2436 to
497 2407 566 2446 give
597 2407 762 2437 Lentulus'
792 2408 894 2437 letter.

124 2449 162 2479 In
179 2450 345 2479 substance
361 2450 384 2480 it
400 2451 425 2479 is
442 2450 496 2479 the
512 2460 598 2479 same
613 2460 646 2479 as
669 2450 819 2485 Cicero’s,
837 2450 894 2479 but

121 2492 175 2521 the
194 2492 359 2522 difference
382 2493 414 2522 in
438 2493 491 2522 the
507 2493 607 2522 words
624 2493 725 2522 shows
749 2493 817 2522 that
840 2494 894 2522 the

121 2535 214 2564 letter
229 2536 260 2564 in
277 2535 387 2565 Cicero
403 2536 464 2564 and
484 2535 538 2565 the
554 2536 645 2565 letter
661 2536 692 2564 in
711 2536 826 2565 Sallust
843 2546 894 2565 are

120 2582 177 2607 not
193 2577 269 2606 both
286 2579 429 2616 genuine.
448 2578 508 2607 and
527 2578 648 2607 neither
664 2579 700 2607 of
719 2579 805 2607 them
824 2589 891 2617 may

120 2619 160 2649 be
175 2621 327 2659 genuine:
352 2622 463 2653 “Quis
480 2621 536 2651 sim
557 2631 595 2650 ex
618 2631 654 2650 eo
679 2631 772 2660 quem
796 2621 834 2650 ad
863 2625 893 2650 te

121 2663 191 2692 misi
208 2672 384 2701 cognosces.
422 2664 482 2693 Fac
497 2664 613 2701 cogites
630 2664 661 2693 in
678 2668 796 2703 quanta
812 2665 892 2693 cala-

121 2705 230 2735 mitate
242 2706 283 2734 sis
293 2710 324 2735 et
337 2706 514 2735 memineris
527 2710 558 2735 te
572 2707 669 2735 virum
685 2719 691 2736 z
717 2707 893 2736 consideres

122 2748 197 2786 quid
213 2752 284 2777 tuac
300 2749 436 2779 rationes
457 2749 640 2788 postulent;
664 2750 813 2779 auxilium
839 2759 892 2788 pe-

122 2794 170 2819 tas
186 2790 224 2819 ab
241 2791 385 2820 omnibus
406 2792 499 2821 etiam
522 2791 560 2821 ab
582 2792 732 2822 infimis.‘’
779 2793 893 2821 Which

123 2833 150 2862 is
166 2833 220 2862 the
235 2833 388 2872 original?
426 2834 519 2864 Halm
536 2835 643 2864 thinks
660 2835 730 2865 that
745 2835 798 2865 the
814 2835 894 2874 style

123 2875 159 2905 of
176 2875 230 2905 the
245 2875 337 2906 letter
359 2876 391 2905 in
414 2876 533 2913 Cicero,
550 2877 590 2906 its
612 2878 743 2908 careless
765 2888 892 2917 expres—

941 2279 1010 2308 sion
1041 2278 1183 2317 showing
1212 2278 1312 2316 haste,
1344 2278 1433 2309 bears
1460 2279 1636 2318 altogether
1662 2279 1716 2309 the

941 2326 1043 2360 stamp
1061 2322 1096 2351 of
1116 2322 1302 2360 originality.
1350 2322 1381 2351 It
1401 2322 1427 2351 is
1451 2322 1581 2352 difficult
1605 2326 1637 2352 to
1661 2323 1715 2351 de-

940 2365 1073 2394 termine
1110 2365 1173 2393 this
1212 2368 1326 2394 matter
1363 2364 1405 2404 by
1434 2365 1488 2394 the
1516 2366 1604 2404 style.
1652 2366 1716 2394 But

940 2407 1049 2437 Cicero
1080 2410 1164 2437 must
1194 2407 1274 2437 have
1300 2417 1372 2437 seen
1404 2408 1458 2437 the
1484 2408 1626 2446 original,
1653 2408 1714 2437 and

939 2450 1030 2479 could
1049 2450 1139 2479 make
1154 2450 1178 2479 it
1196 2450 1309 2479 known
1331 2451 1363 2480 in
1387 2450 1427 2479 its
1447 2451 1578 2489 original
1595 2451 1674 2480 form
1692 2450 1719 2480 if

939 2493 978 2521 hc
1002 2493 1105 2522 chose.
1153 2493 1213 2521 We
1236 2503 1288 2522 are
1314 2497 1367 2522 not
1399 2503 1470 2523 sure
1500 2494 1569 2522 that
1598 2494 1714 2522 Sallust

938 2535 990 2564 did
1008 2546 1058 2564 see
1074 2546 1109 2564 or
1125 2536 1216 2565 could
1234 2536 1312 2565 have
1329 2546 1401 2565 seen
1419 2536 1473 2565 the
1490 2536 1632 2572 original.

982 2581 1011 2607 (i.
1036 2578 1186 2617 Iudiciis]
1243 2579 1312 2607 The
1347 2579 1494 2608 evidence
1531 2589 1592 2607 was
1622 2578 1712 2613 given

940 2620 1130 2661 (expositis).
1178 2621 1304 2659 shortly
1335 2622 1415 2651 after
1448 2622 1487 2650 he
1518 2631 1587 2659 says
1620 2620 1711 2659 *quid

938 2667 1064 2693 senatus
1089 2664 1244 2693 censuerit
1274 2664 1462 2703 exponam?
1497 2664 1531 2692 ιΙ
1564 2663 1624 2691 will
1657 2663 1712 2692 tell

938 2706 1021 2745 you.’
1069 2707 1083 2736 I
1112 2707 1151 2736 do
1179 2711 1234 2735 not
1259 2707 1350 2735 know
1377 2707 1445 2735 how
1468 2706 1559 2734 much
1581 2704 1709 2734 ‘editis'

938 2759 1064 2785 nieans;
1083 2749 1139 2779 but
1155 2750 1179 2778 it
1193 2749 1330 2787 signities
1347 2750 1414 2778 that
1427 2749 1480 2777 tlu¹
1491 2748 1637 2776 evidence
1650 2747 1709 2776 had

939 2791 1018 2821 been
1041 2792 1176 2822 reduced
1204 2793 1270 2821 into
1296 2793 1386 2820 form.
1432 2790 1500 2819 The
1525 2790 1659 2828 practice
1679 2790 1715 2819 of

938 2835 1048 2873 taking
1078 2835 1168 2864 down
1196 2835 1341 2864 evidence
1372 2834 1401 2862 in
1427 2833 1550 2870 writing
1573 2833 1598 2861 is
1622 2843 1710 2862 men-

938 2878 1044 2907 tioned
1062 2878 1093 2907 in
1110 2878 1166 2907 the
1182 2877 1295 2916 speech
1315 2877 1373 2905 Pro
1391 2875 1486 2910 Sulla,
1505 2885 1530 2904 c.
1554 2876 1601 2905 14.
