2063 3242
290 191 371 231 140
732 187 908 230 ORAT.
943 187 1062 229 PRO
1098 187 1146 229 L.
1173 187 1443 230 MURENA

288 302 549 344 consulatum
571 301 760 357 petenti.'
814 303 932 343 Solet
952 301 1055 342 fieri.
1119 301 1249 343 Eceui
1270 306 1413 343 autem
1434 316 1518 342 non
1539 303 1731 357 proditur
1751 317 1887 344 rever-

287 368 424 410 tenti?
469 372 478 388 ⁶
494 367 610 418 Quae
631 366 711 408 fuit
732 367 813 408 ista
833 366 1059 407 multitudo
1073 367 1105 407 2³
1150 367 1352 415 Primum,
1377 367 1412 408 si
1434 367 1510 408 tibi
1533 367 1658 408 istam
1680 368 1887 408 rationem

287 448 370 473 non
401 448 571 488 possum
599 433 785 481 reddere,
809 432 907 486 quid
934 432 1062 471 habet
1089 432 1391 482 admirationis,
1421 432 1494 473 tali
1526 433 1612 473 viro
1634 433 1884 483 advenienti,

287 499 512 540 candidato
549 497 766 547 consulari,
804 497 969 538 obviam
1010 497 1201 551 prodisse
1237 498 1418 538 multos?
1493 497 1614 549 Quod
1655 498 1732 538 nisi
1773 503 1887 539 esset

286 564 457 614 factum,
491 564 624 618 magis
655 563 890 602 mirandum
920 562 1145 603 videretur.
1209 563 1319 614 Quid
1352 563 1386 603 si
1423 563 1550 604 etiam
1586 564 1685 603 illud
1717 565 1883 620 addam,

286 631 397 684 quod
424 645 449 670 a
477 628 779 670 consuetudine
804 642 886 667 non
918 627 1131 676 abhorret,
1160 634 1332 683 rogatos
1364 643 1452 668 esse
1484 628 1652 678 multos,
1681 643 1779 668 num
1810 634 1885 670 aut

286 695 551 735 criminosum
588 694 643 734 sit
679 698 752 734 aut
784 692 1031 741 mirandum,
1068 707 1150 748 qua
1185 692 1225 733 in
1263 693 1434 734 civitate
1470 693 1608 748 rogati
1649 693 1884 734 infimorum

286 760 498 800 hominum
533 758 640 799 filios
676 772 805 812 prope
842 758 892 798 de
928 763 1053 799 nocte
1090 773 1142 799 ex
1177 758 1325 799 ultima
1361 773 1487 813 saepe
1522 759 1624 799 urbe
1658 759 1883 800 deductum

284 825 424 866 venire
455 824 675 868 soleamus.
706 822 747 862 in
775 838 824 863 ea
857 838 940 863 non
977 838 1067 864 esse
1103 829 1302 878 gravatos
1340 823 1541 872 homines,
1580 824 1746 878 prodire
1781 824 1884 865 hora

284 890 412 931 tertia
442 889 483 929 in
515 904 707 943 campum
738 888 958 938 Martium,
988 889 1236 943 praesertim
1267 888 1366 929 talis
1398 889 1473 929 viri
1499 889 1665 929 nomine
1698 894 1881 943 rogatos.

286 955 395 1008 Quid
426 955 460 995 si
490 969 634 995 omnes
666 953 893 995 societates
923 959 1138 1004 venerunt,
1169 969 1347 1008 quarum
1378 968 1430 994 ex
1460 969 1632 994 numero
1663 954 1784 995 multi
1815 954 1883 995 hic

283 1020 432 1060 sedent
457 1019 650 1074 judices;
684 1018 783 1074 quid
805 1018 839 1058 si
862 1018 981 1059 multi
1014 1018 1203 1059 homines
1225 1018 1357 1059 nostri
1381 1019 1538 1059 ordinis
1566 1018 1879 1065 honestissimi3

284 1085 383 1140 quid
408 1085 443 1124 si
479 1084 548 1124 illa
577 1083 891 1132 officiosissima,
929 1098 1035 1138 quae
1072 1083 1281 1123 neminem
1316 1084 1479 1138 patitur
1514 1099 1596 1124 non
1630 1085 1804 1125 honeste
1840 1084 1883 1124 in

283 1151 428 1190 urbem
450 1149 635 1199 introire,
660 1154 752 1190 tota
779 1148 894 1189 natio
924 1149 1261 1190 candidatorum.
1325 1148 1369 1189 Si
1399 1148 1576 1203 denique
1607 1148 1693 1203 ipse
1714 1163 1883 1189 accusa-

283 1220 351 1257 tor
371 1220 514 1256 noster
541 1214 786 1255 Postumius
814 1213 977 1254 obviam
1009 1228 1105 1254 cum
1133 1214 1237 1254 bene
1266 1228 1420 1268 magna
1451 1219 1621 1254 caterva
1652 1228 1727 1254 sua
1755 1214 1880 1263 venit,

283 1281 383 1335 quid
405 1281 533 1321 habet
561 1280 642 1321 ista
663 1279 890 1320 multitudo
921 1278 1238 1319 admirationis?
1301 1279 1463 1319 Omitto
1497 1279 1683 1329 clientes,
1708 1279 1880 1328 vicinos,

283 1345 469 1394 tribules,
494 1344 725 1385 exercitum
746 1348 884 1385 totum
919 1343 1093 1394 Luculli,
1119 1343 1187 1398 qui
1219 1344 1272 1383 ad
1301 1343 1557 1396 triumphum
1586 1359 1660 1399 per
1690 1359 1762 1384 eos
1793 1345 1882 1386 dies

283 1415 482 1451 venerat:
519 1410 597 1450 hoc
619 1409 723 1459 dico,
746 1409 1025 1464 frequentiam
1048 1409 1090 1448 in
1117 1408 1199 1449 isto
1222 1408 1356 1448 officio
1385 1409 1616 1463 gratuitam
1648 1423 1730 1449 non
1755 1411 1881 1450 modo

283 1475 479 1530 dignitati
516 1474 638 1514 ullius
672 1489 868 1529 umquam
901 1475 974 1514 sed
1010 1488 1062 1515 ne
1095 1473 1301 1514 voluntati
1336 1473 1503 1528 quidem
1539 1474 1730 1515 defuisse.
1793 1475 1883 1516 ‘At

325 1575 377 1604 33.
402 1574 585 1613 infimorum
612 1573 791 1612 hominum]
833 1572 902 1602 The
927 1582 1001 1603 sons
1028 1573 1064 1602 of

283 1627 356 1646 men
383 1626 459 1646 even
485 1616 521 1645 of
541 1617 595 1645 the
619 1616 728 1645 lowest
751 1615 829 1645 rank
852 1626 933 1646 were
957 1626 1057 1645 some-

283 1660 375 1689 times
398 1659 548 1688 attended
572 1663 604 1688 to
627 1660 682 1688 the
706 1659 845 1698 Campus
869 1659 909 1698 by
926 1669 1058 1698 persons

283 1702 318 1731 of
331 1703 434 1731 whom
452 1702 526 1741 they
543 1702 638 1731 asked
662 1702 716 1731 the
738 1702 856 1737 favour,
875 1702 966 1731 when
983 1702 1057 1741 they

283 1756 363 1775 were
380 1745 559 1774 candidates
575 1745 623 1774 for
640 1754 726 1774 some
747 1746 845 1784 place,
862 1745 1019 1774 whatever
1034 1745 1059 1774 it

282 1788 384 1826 might
410 1788 515 1817 be.—‘
528 1797 624 1826 prope
651 1788 688 1817 de
714 1787 835 1817 noete:5
862 1788 924 1817 this
952 1798 1059 1817 means

282 1831 416 1869 literally
435 1831 549 1860 almost
569 1830 608 1869 by
630 1831 720 1869 night
742 1831 808 1869 (see
829 1841 855 1860 6.
878 1831 933 1870 9);
958 1830 1015 1860 but
1034 1831 1060 1860 it

282 1874 379 1912 really
396 1883 503 1902 means
521 1873 635 1902 almost
653 1874 865 1912 immediately
885 1874 964 1902 after
980 1874 1059 1903 mid-

283 1916 384 1955 night,
401 1926 434 1945 as
452 1916 509 1945 ‘de
525 1916 574 1944 die
587 1915 593 1926 ⁷
611 1926 718 1945 means
736 1919 742 1931 ‘
754 1916 834 1945 after
849 1916 997 1955 inidday.’
1030 1917 1061 1946 It

284 1969 384 1989 seems
400 1969 433 1987 as
449 1959 476 1987 if
489 1961 495 1975 ⁴
508 1958 546 1987 de
559 1958 674 1994 nocte‚’
687 1962 693 1975 ‘
706 1959 743 1987 de
756 1959 806 1988 die
818 1958 825 1971 '
842 1969 922 1988 were
935 1959 1011 1988 used
1027 1960 1059 1989 in

283 2002 346 2031 this
359 2012 460 2037 sense,
472 2002 560 2030 when
574 2002 628 2030 the
640 2002 695 2031 full
708 2002 887 2040 expression
901 2002 1004 2031 would
1021 2003 1059 2032 be

286 2048 293 2062 ‘
307 2045 346 2074 de
367 2045 469 2074 inedia
492 2044 606 2080 noctess
625 2045 682 2074 ‘de
700 2045 802 2074 medio
819 2044 891 2074 die.'
939 2045 1057 2075 Censo-

283 2088 370 2117 rinus
396 2087 461 2127 (De
488 2088 537 2116 die
565 2088 669 2123 natali,
698 2098 723 2117 6.
748 2087 803 2127 24)
828 2098 916 2127 says:
943 2088 1056 2118 “Inoi-

284 2131 368 2169 piam
381 2140 399 2159 a
416 2130 517 2159 media
530 2134 621 2159 nocte
634 2131 717 2170 quod
730 2134 854 2170 tempus
867 2131 1056 2170 principium

284 2176 316 2203 et
346 2176 540 2212 postremum
571 2177 618 2202 est
649 2174 709 2202 diei
742 2174 878 2203 Romani
917 2173 1054 2214 (civilis).

284 2216 424 2255 Tempus
452 2216 534 2255 quod
559 2216 630 2246 huie
653 2217 832 2255 proximum
857 2221 903 2246 est
930 2221 1057 2247 vocatur

286 2259 335 2289 De
366 2259 469 2288 media
494 2262 604 2288 nocte:
637 2260 778 2299 sequitur
813 2260 1058 2289 Gallicinium—

284 2305 361 2331 tunc
381 2302 533 2337 meridies,
553 2302 635 2340 quod
658 2306 705 2331 est
728 2303 822 2331 medii
841 2303 901 2332 diei
921 2313 1054 2340 nomen3

284 2345 358 2374 inde
388 2345 435 2374 De
466 2345 612 2379 meridie;
648 2345 720 2374 hinc
745 2345 933 2383 Supremaf’
987 2346 1056 2375 The

286 2387 407 2417 French
433 2388 584 2425 language
608 2388 664 2416 lias
685 2391 746 2416 two
769 2389 975 2426 expressions,
996 2392 1003 2405 ‘
1017 2389 1056 2418 de

285 2431 372 2459 nuit'
401 2429 453 2470 (de
475 2430 580 2469 nocte)
602 2440 709 2459 means
730 2434 736 2446 ‘
749 2430 787 2469 by
806 2431 918 2469 night‚⁷
936 2436 942 2447 ¹
955 2432 987 2460 in
1003 2432 1057 2461 the

284 2473 375 2512 night
396 2473 501 2509 time3'
528 2476 534 2488 ⁴
547 2472 602 2502 (les
628 2473 656 2502 13
679 2473 749 2501 nuit
765 2473 769 2483 '
788 2484 894 2503 means
912 2477 963 2503 ‘as
980 2484 1057 2504 soon

284 2526 317 2545 as
339 2516 429 2554 night
446 2515 578 2553 begins,'
598 2519 630 2544 at
648 2519 654 2531 ⁴
667 2516 755 2553 night
772 2516 823 2545 fall
836 2515 855 2551 ς’
880 2526 940 2545 one
956 2517 992 2545 of
1004 2517 1058 2547 the

284 2560 442 2598 exaniples
459 2560 494 2588 of
515 2558 569 2587 the
593 2559 745 2597 prevision
763 2559 798 2587 of
816 2559 877 2587 this
894 2559 1056 2597 language,

283 2602 384 2631 which
412 2603 437 2631 is
461 2603 527 2631 also
552 2611 611 2630 one
635 2602 670 2630 of
689 2601 742 2630 1116
766 2602 871 2640 proofs
888 2602 923 2631 of
941 2612 959 2631 a
975 2599 1056 2632 clear

282 2645 344 2675 and
362 2646 479 2684 precise
494 2655 560 2683 way
577 2644 612 2673 of
624 2644 779 2680 thinking.

325 2688 507 2726 societates]
535 2688 604 2716 The
626 2688 829 2722 associations
853 2687 900 2716 for
922 2687 1056 2726 farming

282 2731 336 2761 the
352 2735 449 2767 taxes,
467 2731 521 2760 the
540 2730 712 2765 Publicani,
738 2740 809 2759 111611
826 2730 859 2758 of
874 2730 927 2758 the
944 2741 1054 2768 eques-

280 2775 363 2803 trian
381 2775 468 2810 class,
482 2784 515 2804 as
531 2773 585 2803 the
602 2773 703 2803 words
717 2773 781 2802 ‘hic
793 2773 903 2802 sedent
915 2773 1051 2811 judices’

280 2817 376 2847 show.

323 2861 411 2889 nolio
437 2859 711 2895 candidatorum]
746 2858 814 2888 The
838 2858 938 2888 whole
959 2858 1052 2887 breed

279 2902 314 2931 of
327 2902 505 2932 candidates
522 2902 570 2932 for
585 2903 627 2932 311
644 2901 735 2931 kinds
751 2901 787 2931 of
803 2900 916 2940 places.
963 2901 1052 2940 They

1104 1572 1145 1602 all
1171 1572 1296 1602 showed
1318 1572 1508 1602 themselves
1532 1575 1565 1602 to
1589 1572 1643 1603 the
1663 1573 1776 1612 people
1791 1573 1882 1603 when

1104 1616 1178 1654 they
1196 1616 1297 1645 could.
1344 1615 1433 1654 They
1459 1615 1582 1654 obliged
1603 1617 1709 1645 others
1733 1617 1765 1646 in
1791 1617 1882 1646 order

1103 1661 1137 1688 to
1154 1658 1193 1687 be
1209 1658 1332 1697 obliged
1354 1658 1385 1687 in
1407 1663 1524 1688 return.
1575 1659 1683 1689 Cicero
1702 1658 1756 1698 (In
1775 1660 1880 1690 Pison.

1104 1712 1129 1731 6.
1147 1701 1202 1741 23)
1221 1712 1290 1740 says
1306 1712 1312 1730 :
1332 1705 1351 1717 “
1364 1701 1443 1730 Dico
1456 1701 1577 1730 venisse
1594 1712 1693 1740 paene
1709 1703 1879 1739 neminem,

1104 1754 1144 1774 ne
1168 1744 1206 1773 de
1229 1744 1454 1774 officiosissima
1473 1745 1599 1783 quidem
1623 1745 1751 1774 natione
1774 1746 1880 1775 candi-

1104 1787 1262 1823 datorum,
1289 1798 1387 1826 quum
1411 1788 1504 1825 vulgo
1531 1792 1637 1817 essent
1665 1791 1696 1817 et
1727 1789 1780 1817 illo
1809 1789 1879 1827 ipso

1104 1833 1135 1859 et
1152 1830 1259 1859 multis
1275 1835 1348 1859 ante
1368 1830 1478 1859 diebus
1499 1831 1651 1860 admoniti
1667 1834 1698 1860 et
1714 1831 1881 1870 rogati.’—

1106 1873 1206 1902 ‘bene
1233 1873 1373 1912 magna:’
1401 1873 1496 1902 ‘with
1522 1884 1541 1902 3
1567 1884 1640 1913 very
1666 1874 1749 1913 large
1773 1874 1879 1914 body‚'

1104 1916 1153 1945 for
1168 1926 1201 1945 so
1220 1916 1318 1945 ‘bene
1330 1916 1337 1929 '
1352 1926 1471 1946 means.
1511 1916 1552 1946 So
1572 1917 1695 1946 Horace
1711 1927 1780 1957 says
1798 1917 1878 1957 (Sat.

1104 1959 1124 1988 i.
1141 1960 1171 1989 3.
1188 1970 1217 1989 v.
1235 1958 1290 1999 61)
1306 1971 1359 1988 :—

1497 2028 1555 2058 pro
1571 2018 1652 2048 bene
1668 2029 1744 2049 sano

1146 2060 1194 2091 Ac
1220 2071 1284 2090 non
1310 2061 1437 2091 incauto
1461 2062 1571 2091 fictum
1594 2066 1800 2102 astutumque
1822 2072 1877 2092 vo-

1188 2103 1331 2134 camus.”

1103 2170 1229 2201 ‘Male’
1252 2171 1308 2201 has
1334 2172 1514 2202 sometimes
1539 2173 1594 2202 the
1610 2182 1696 2202 same
1719 2173 1877 2212 meaning,

1101 2224 1134 2244 as
1153 2214 1247 2255 (Hor.
1267 2215 1331 2244 Sat.
1348 2215 1369 2244 i.
1390 2216 1417 2245 l.
1433 2226 1461 2244 v.
1480 2215 1536 2255 45)
1550 2228 1603 2244 :—

1362 2276 1382 2292 6(

1501 2273 1581 2302 111316
1596 2283 1710 2312 parvus

1275 2315 1307 2345 Si
1324 2313 1373 2345 cui
1389 2316 1471 2345 filius
1488 2315 1570 2345 est.’'

1101 2389 1166 2419 But
1183 2389 1238 2419 the
1254 2400 1345 2419 sense
1361 2390 1395 2419 of
1416 2393 1422 2407 ‘
1438 2391 1518 2420 male
1531 2389 1538 2403 '
1556 2390 1646 2420 when
1663 2391 1771 2430 joined
1788 2394 1821 2422 to
1837 2403 1877 2423 an

1101 2433 1252 2470 adjective
1276 2433 1339 2461 will
1365 2433 1488 2472 (lepend
1512 2444 1553 2462 on
1580 2434 1634 2463 the
1663 2439 1800 2471 context,
1829 2436 1878 2465 for

1103 2476 1203 2505 ‘male
1225 2486 1318 2505 sanus
1331 2475 1338 2488 ’
1355 2476 1380 2505 is
1405 2477 1491 2515 quite
1515 2476 1660 2506 different
1676 2478 1755 2507 from
1774 2482 1781 2495 ‘
1796 2479 1877 2508 bene

1102 2517 1220 2547 sanus.'

1146 2571 1207 2590 non
1235 2561 1486 2600 modo——ulliu-v]
1526 2562 1670 2592 “Malim
1697 2573 1759 2593 mm
1784 2565 1876 2594 modo

1100 2613 1182 2632 non.-
1208 2613 1316 2633 vereor
1331 2604 1415 2632 enim
1440 2608 1485 2640 111,
1511 2615 1581 2634 611111
1606 2610 1756 2645 sequatur
1777 2608 1878 2637 ullt'us

1100 2656 1261 2684 umquam,
1292 2647 1415 2684 negatio
1446 2647 1554 2677 deesse
1585 2649 1718 2687 possit.''
1768 2650 1874 2679 Halm.

1102 2689 1238 2727 Perhaps
1255 2689 1294 2718 he
1310 2689 1335 2717 is
1351 2689 1444 2727 right.
1478 2690 1632 2729 Compare
1650 2692 1719 2721 Vol.
1738 2692 1765 2722 Ι.
1782 2692 1874 2722 Verr.

1099 2731 1130 2760 ii.
1163 2732 1193 2760 3.
1222 2741 1248 2760 6.
1276 2733 1335 2760 48:
1374 2733 1514 2761 “multis
1546 2738 1651 2763 autem
1684 2745 1747 2764 non
1778 2735 1874 2765 modo

1098 2784 1228 2812 granum
1257 2774 1379 2803 nullum
1404 2775 1458 2804 scd
1481 2786 1520 2805 ne
1545 2777 1651 2815 paleae
1675 2778 1800 2816 quidem
1824 2788 1873 2807 re-

1098 2816 1358 2855 linquerentur;”
1384 2820 1413 2847 4.
1438 2829 1464 2848 c.
1489 2820 1550 2848 22:
1585 2822 1678 2849 “non
1706 2820 1799 2849 modo
1815 2831 1873 2859 op-

1098 2859 1204 2897 pidum
1219 2859 1377 2895 nulluni,'’
1397 2863 1462 2896 &c;
1487 2862 1547 2890 and
1565 2862 1635 2892 Vol.
1655 2863 1700 2893 II.
1720 2863 1779 2892 Pro
1800 2863 1871 2894 Sex,

1099 2902 1173 2931 Ros.
1191 2902 1263 2932 Am.
1289 2912 1314 2933 c.
1339 2905 1398 2933 52:
1425 2907 1444 2920 “
1459 2904 1490 2933 in
1508 2914 1570 2944 quo
1587 2915 1651 2935 non
1668 2906 1761 2936 modo
1777 2906 1871 2945 culpa
