2063 3242
340 180 394 220 30
734 176 911 218 ORAT.
947 176 981 218 Ι.
1017 175 1081 217 ΙΝ
1116 175 1164 217 L.
1189 174 1542 217 CATILINAM

338 297 406 334 ter
427 306 535 347 quae
556 291 702 340 dicam,
736 295 779 332 et
804 306 854 331 ea
877 291 1045 346 penitus
1066 289 1216 331 animis
1237 289 1387 330 vestris
1408 289 1700 344 mentibusque
1721 290 1932 332 mandate.

343 357 526 408 Etenim,
563 357 596 397 si
632 371 795 397 mecum
831 356 977 411 patria,
1013 370 1120 411 quae
1154 355 1253 395 mihi
1285 355 1372 396 vita
1402 369 1495 395 mea
1525 355 1657 396 multo
1689 360 1754 396 est
1786 356 1931 405 carior,

340 423 375 464 si
417 427 569 464 cuncta
605 421 740 471 Italia,
777 421 811 462 si
845 421 979 461 omnis
1013 436 1079 461 res
1119 420 1284 475 publica
1316 420 1537 474 loquatur:
1586 420 1649 461 M.
1680 419 1801 469 Tulli,
1836 420 1934 475 quid

340 489 460 544 agis?
523 487 639 527 Tune
662 502 768 534 eum,
793 501 914 541 quem
936 500 1026 526 esse
1049 486 1213 526 hostem
1235 485 1487 540 comperisti,
1513 500 1635 540 quem
1664 485 1812 525 ducem
1838 485 1935 525 belli

339 554 526 594 futurum
557 552 683 599 vides,
717 566 839 606 quem
876 550 1109 605 exspectari
1149 550 1446 605 imperatorem
1481 550 1523 590 in
1560 550 1711 590 castris
1752 550 1936 591 hostium

340 619 485 668 sentis,
517 623 732 658 auctorem
758 616 937 665 sceleris,
973 616 1201 671 principem
1224 615 1538 669 conjurationis,
1563 620 1828 655 evocatorem
1849 629 1936 655 ser-

340 700 483 725 vorum
506 689 549 724 et
571 683 719 724 civium
738 683 1006 737 perditorum,
1027 681 1140 722 exire
1161 681 1332 736 patiere,
1352 686 1400 722 ut
1421 682 1496 722 abs
1518 687 1560 722 te
1581 696 1664 721 non
1687 680 1862 721 emissus
1884 695 1936 721 ex

340 751 442 790 urbe
473 749 547 789 sed
579 748 787 788 immissus
822 747 862 787 in
894 749 1039 788 urbem
1068 762 1161 788 esse
1192 746 1410 787 videatur?
1472 746 1622 787 Nonne
1649 747 1756 786 hunc
1784 746 1825 785 in
1851 745 1936 785 vin-

341 815 433 856 cula
472 814 578 863 duci,
621 829 704 854 non
742 814 794 854 ad
834 818 1012 855 mortem
1053 813 1155 868 rapi,
1198 827 1281 853 non
1322 826 1483 853 summo
1524 811 1725 866 supplicio
1761 811 1936 852 mactari

340 879 593 935 imperabis?
666 879 775 930 Quid
817 879 987 920 tandem
1028 884 1070 919 te
1111 869 1313 933 impedit?
1376 877 1528 917 Mosne
1569 877 1801 930 majorum?
1874 877 1937 916 At

340 960 539 1000 persaepe
571 945 697 986 etiam
729 944 880 999 privati
917 944 958 984 in
994 945 1071 984 hac
1103 959 1147 984 re
1178 944 1342 998 publica
1373 943 1630 998 perniciosos
1663 942 1773 983 cives
1800 947 1937 982 morte

340 1010 661 1052 mulctaverunt.
724 1009 793 1049 An
827 1010 952 1064 leges„
991 1024 1096 1064 quae
1133 1009 1184 1049 de
1222 1008 1373 1049 civium
1410 1009 1696 1049 Romanorum
1732 1007 1936 1062 supplicio

340 1080 515 1130 rogatae
546 1076 672 1115 sunt?
733 1076 795 1115 At
826 1089 1054 1130 numquam·
1081 1074 1122 1114 in
1150 1074 1227 1114 hac
1255 1075 1358 1114 urbe
1391 1073 1459 1128 qui
1494 1089 1519 1114 a
1556 1089 1599 1114 re
1633 1073 1798 1128 publica
1827 1073 1937 1113 defe-

341 1145 502 1189 cerunt,
542 1140 692 1180 civium
725 1140 822 1193 jura
857 1144 1095 1180 tenuerunt.
1160 1139 1231 1179 An
1262 1138 1459 1179 invidiam
1490 1138 1753 1193 posteritatis
1785 1138 1937 1178 times?

342 1205 607 1245 Praeclaram
631 1220 727 1245 vero
758 1205 910 1260 populo
934 1205 1125 1245 Romano
1154 1206 1283 1245 refers
1313 1204 1507 1259 gratiam,
1541 1204 1609 1259 qui
1640 1209 1695 1250 te,
1730 1203 1938 1243 hominem

339 1285 413 1325 per
446 1275 488 1310 te
522 1269 750 1323 cognitum,
786 1270 897 1309 nulla
928 1269 1288 1310 commendatione
1320 1270 1537 1323 majorum,
1571 1276 1660 1309 tam
1691 1274 1853 1309 mature
1885 1268 1939 1308 ad

340 1349 547 1376 summum
570 1334 788 1388 imperium
810 1349 884 1389 per
906 1349 1049 1375 omnes
1076 1335 1282 1375 honorum
1313 1335 1470 1389 gradus
1501 1334 1667 1382 extulit,
1700 1334 1734 1374 si
1766 1338 1939 1389 propter

339 1400 536 1440 invidiam
568 1406 641 1440 aut
672 1399 848 1454 alicujus
879 1400 1052 1454 periculi
1084 1404 1241 1440 metum
1273 1400 1450 1440 salutem
1485 1400 1634 1440 civium
1668 1404 1836 1440 tuorum
1869 1414 1939 1440 ne-

339 1465 477 1520 gligis.
540 1464 623 1504 Sed
645 1464 679 1505 si
701 1464 794 1519 quis
816 1472 880 1505 est
902 1464 1078 1505 invidiae
1100 1469 1249 1513 metus,
1274 1480 1372 1505 num
1394 1470 1459 1506 est
1481 1465 1767 1506 vehementius
1788 1465 1939 1505 severi-

339 1531 441 1571 tatis
458 1545 505 1570 ac
525 1530 784 1571 fortitudinis
799 1530 952 1570 invidia
966 1545 1089 1586 quam
1107 1530 1282 1571 inertiae
1300 1545 1348 1572 ac
1362 1531 1571 1586 nequitiae
1585 1530 1939 1586 pertimescenda?

343 1597 412 1636 An
434 1611 559 1651 quum
582 1596 688 1636 bello
711 1595 947 1636 vastabitur
972 1596 1106 1645 Italia,
1132 1596 1395 1637 vexabuntur
1415 1597 1552 1646 urbes,
1581 1602 1694 1637 tecta
1716 1596 1935 1645 ardebunt,

340 1666 430 1702 tum
452 1668 495 1701 te
516 1675 599 1700 non
621 1661 836 1701 existimas
859 1661 1036 1701 invidiae
1059 1661 1249 1702 incendio
1272 1661 1656 1716 conflagratur-um?
1717 1660 1830 1701 XII.
1856 1660 1939 1701 His

341 1741 420 1781 ego
451 1726 725 1766 sanctissimis
756 1726 814 1766 rei
846 1726 1035 1781 publicae
1058 1726 1242 1776 vocibus,
1273 1731 1317 1767 et
1345 1741 1488 1767 eorum
1515 1726 1726 1766 hominum
1759 1725 1828 1781 qui
1859 1727 1938 1766 hoc

342 1791 453 1831 idem
478 1791 666 1831 sentiunt
697 1791 907 1831 mentibus
938 1806 1070 1846 pauca
1102 1791 1376 1846 respondebo,
1439 1791 1545 1846 Ego,
1569 1791 1603 1831 si
1631 1791 1709 1831 hoc
1736 1791 1938 1846 opt-imum

341 1857 457 1897 factu
478 1856 723 1910 judicarem,
747 1861 891 1910 patres
914 1857 1152 1912 conscripti,
1179 1856 1402 1898 Catilinam
1431 1862 1566 1897 morte
1587 1857 1793 1904 nmlctari,
1817 1857 1939 1899 unius

343 1936 510 1962 usuram
542 1921 667 1962 horae
698 1921 920 1974 gladiatori
947 1922 1015 1963 isti
1044 1923 1098 1962 ad
1122 1922 1344 1963 vivendum
1365 1937 1447 1962 non
1471 1922 1689 1963 dedissem.
1753 1922 1936 1971 Etenim,

343 1986 378 2027 si
410 1986 560 2027 summi
582 1986 657 2026 viri
685 1991 728 2027 et
750 1987 966 2027 clarissimi
989 1987 1099 2028 cives
1123 1987 1335 2028 Saturnini
1357 1993 1401 2028 et
1422 1987 1706 2028 Gracchorum
1730 1992 1773 2029 et
1796 1988 1939 2029 Flacci

345 2085 393 2115 Its
409 2084 534 2114 derived
559 2084 720 2123 meanings
744 2094 795 2114 are
819 2088 851 2114 to
876 2095 975 2121 curse,
993 2088 1026 2115 to
1042 2095 1119 2125 pray

344 2129 415 2158 that
428 2138 513 2157 some
523 2128 581 2156 evil
592 2138 627 2157 or
638 2138 724 2156 some
736 2127 839 2157 blame
851 2139 920 2167 may
934 2128 972 2157 be
982 2129 1118 2165 averted,

344 2171 427 2201 asin
448 2171 510 2199 this
532 2173 726 2209 passage—¹
739 2171 782 2200 sic
803 2171 981 2211 loquaturz'
1007 2172 1117 2204 Quint.

346 2215 388 2243 ix.
407 2217 436 2244 2.
454 2216 505 2243 32.

390 2259 584 2286 evocatorem
621 2256 798 2295 servorum]
855 2256 960 2287 When
998 2257 1120 2287 Marius

345 2299 460 2329 landed
484 2299 514 2327 in
538 2299 664 2328 Etruria
687 2300 726 2328 he
743 2304 749 2315 ¹
763 2300 951 2338 proelaimed
980 2301 1119 2330 freedom

347 2345 380 2372 to
408 2343 462 2371 the
487 2341 603 2370 slaves’
636 2341 811 2381 (Plutareh,
839 2343 972 2379 Marium
997 2354 1023 2373 c.
1051 2343 1117 2382 41).

350 2386 409 2415 His
440 2388 604 2423 opponent
634 2386 783 2414 Octavius
814 2386 937 2415 refused
969 2390 1001 2415 to
1026 2386 1065 2415 do
1096 2387 1120 2415 it

347 2428 495 2468 (Marius,
521 2438 546 2456 c.
573 2427 639 2466 4⁵2).
688 2428 777 2457 After
807 2429 942 2458 Catilina
974 2429 1033 2458 had
1065 2429 1121 2459 left

350 2472 460 2505 Rome,
481 2471 634 2500 Lentulus
656 2471 780 2499 advised
806 2472 869 2499 111111
894 2476 926 2501 to
952 2472 1042 2501 make
1066 2482 1121 2501 use

347 2515 384 2544 of
396 2514 449 2543 the
463 2514 571 2548 slaves,
585 2513 639 2542 bnt
658 2514 697 2542 he
711 2514 811 2543 would
829 2519 883 2542 not
896 2513 1037 2553 (Sallust,
1051 2515 1119 2544 Cat.

348 2567 375 2586 c.
396 2559 446 2586 44.
465 2556 532 2594 56),
559 2556 677 2595 though
702 2557 776 2596 tlwy
800 2557 921 2586 floeked
945 2562 977 2586 to
1001 2558 1065 2586 him
1089 2558 1122 2586 111

347 2604 435 2639 great
452 2599 610 2628 numbers.

391 2643 548 2681 supplicio
566 2642 719 2681 nun-lari]
768 2642 844 2671 This
864 2643 889 2671 is
913 2643 968 2672 the
984 2653 1074 2672 sense
1091 2643 1125 2672 of

350 2685 523 2715 ‘mactare'
543 2685 575 2714 in
598 2685 697 2713 which
720 2695 765 2714 we
788 2686 900 2714 render
924 2687 947 2714 it
970 2689 1001 2715 to
1026 2685 1120 2714 ‘kill’

348 2739 384 2758 or
401 2733 407 2745 ‘
421 2728 532 2767 punish
546 2728 564 2764 3’
590 2728 650 2757 and
669 2728 755 2757 there
772 2728 796 2757 is
813 2738 853 2757 no
870 2729 968 2757 doubt
985 2728 1052 2757 that
1069 2728 1122 2758 the

348 2772 433 2800 word
452 2771 510 2800 had
528 2771 590 2799 this
607 2771 730 2800 derived
749 2771 904 2809 meaning.
940 2771 970 2800 It
987 2771 1041 2799 has
1056 2772 1121 2800 also

347 2815 403 2844 the
419 2814 543 2850 general
561 2824 649 2843 sense
665 2814 700 2843 of
719 2814 827 2849 killing
844 2814 963 2843 victims
979 2814 1009 2842 in
1028 2815 1120 2843 saeri-

349 2858 407 2886 five
425 2857 519 2897 (Aen.
537 2857 575 2886 iv.
593 2857 659 2896 57).
708 2857 769 2886 Yet
789 2857 842 2886 the
858 2857 942 2886 word
959 2857 1121 2896 originally

350 2910 458 2929 means
470 2903 502 2929 to
520 2899 698 2936 ‘increase,’
720 2902 727 2916 ⁴
739 2903 771 2929 to
793 2900 853 2930 add
876 2904 908 2930 to
924 2910 942 2929 a
958 2899 1069 2939 thing‚'
1087 2909 1120 2929 as

1163 2086 1197 2115 in
1221 2085 1274 2115 the
1299 2085 1442 2124 example
1457 2085 1489 2115 in
1507 2085 1645 2115 Cicero’s
1668 2086 1833 2124 Republic,
1861 2087 1938 2116 ‘Fe-

1164 2132 1238 2158 runt
1260 2129 1414 2165 laudibus,
1438 2132 1576 2159 mactant
1600 2128 1796 2165 honoribus,'
1822 2130 1939 2169 quoted

1165 2172 1205 2212 by
1222 2172 1357 2201 Nonius.

1208 2216 1261 2245 An
1289 2214 1399 2254 leffe-§J
1448 2214 1516 2244 The
1542 2214 1696 2250 Valeriae,
1727 2215 1845 2251 Porcia,
1877 2215 1939 2245 and

1166 2258 1360 2297 Sempronia,
1386 2262 1418 2287 to
1439 2258 1541 2287 which
1569 2257 1677 2287 Cicero
1696 2258 1783 2287 osten
1808 2259 1938 2288 alludes.

1165 2301 1235 2330 Vol.
1251 2301 1275 2330 I.
1293 2301 1381 2330 Verr.
1394 2301 1424 2329 ii.
1439 2303 1468 2330 5.
1484 2311 1509 2330 c.
1522 2302 1629 2330 6:3.—‘
1642 2301 1790 2330 invidiam
1808 2303 1939 2340 posteri-

1165 2343 1261 2373 tatis.'
1310 2344 1368 2373 See
1384 2344 1454 2372 Vol.
1475 2344 1531 2377 IL,
1551 2344 1610 2372 Pro
1630 2344 1665 2373 C.
1686 2344 1823 2380 Rabirio,
1841 2355 1867 2374 c.
1892 2347 1937 2374 1⁴¹.

1207 2387 1296 2415 nulla
1313 2386 1598 2425 commendatione]
1630 2386 1784 2426 Compare
1800 2387 1854 2416 the
1871 2388 1940 2417 first

1166 2428 1295 2468 chapter
1313 2430 1348 2459 of
1367 2429 1421 2459 the
1445 2429 1560 2459 second
1584 2430 1704 2459 oration
1731 2430 1769 2459 In
1796 2430 1937 2466 Rullum,

1166 2472 1236 2502 Vol.
1257 2472 1301 2502 ΙΙ.

1214 2517 1260 2545 12.
1286 2515 1432 2554 usuram]
1466 2514 1542 2544 This
1559 2515 1642 2544 word
1660 2525 1767 2545 means
1784 2515 1837 2545 the
1853 2526 1940 2546 same

1166 2568 1199 2586 as
1224 2558 1342 2587 ‘usus'
1391 2558 1421 2587 lt
1440 2558 1467 2587 is
1494 2558 1549 2586 the
1576 2558 1689 2597 having
1712 2559 1765 2587 the
1785 2568 1840 2588 use
1863 2559 1899 2588 of
1921 2569 1940 2588 a

1166 2601 1277 2637 thing3
1301 2611 1334 2630 as
1357 2601 1387 2629 in
1410 2601 1464 2630 the
1485 2601 1627 2640 example
1649 2602 1679 2630 in
1703 2602 1822 2637 Cicero,
1843 2602 1937 2632 Tusc.

1166 2643 1185 2672 i.
1214 2646 1274 2674 355:
1301 2648 1319 2660 ‘⁴
1335 2644 1457 2673 Natura
1481 2643 1566 2672 dedit
1591 2654 1716 2673 usuram
1740 2645 1832 2679 vitae,
1859 2641 1944 2675 tam-⁵

1166 2696 1258 2725 quam
1278 2687 1437 2725 pecuniae,
1455 2687 1541 2715 nulla
1558 2688 1742 2725 praestituta
1759 2687 1841 2716 diefl

1211 2729 1398 2768 Saturnini]
1428 2730 1463 2758 L.
1479 2730 1630 2768 Apuleius
1649 2731 1846 2760 Saturninus.
1882 2732 1940 2761 See

1166 2771 1219 2801 the.
1235 2772 1334 2801 oratio
1354 2772 1411 2801 Pro
1429 2773 1463 2802 C.
1486 2773 1622 2807 Rabirio,
1641 2773 1663 2800 V
1672 2773 1710 2802 ol.
1731 2773 1775 2802 ΙΙ.
1812 2774 1940 2803 Flaccus

1166 2815 1190 2843 is
1209 2815 1254 2843 M.
1270 2815 1394 2844 Fulvius
1410 2815 1546 2851 Flaccus,
1565 2816 1633 2844 who
1650 2816 1709 2845 lost
1732 2816 1779 2845 his
1796 2817 1848 2846 life
1864 2817 1940 2846 with

1166 2857 1201 2886 (ἶ.
1221 2858 1390 2887 Gracchus.
1440 2859 1497 2889 See
1522 2859 1560 2889 In
1585 2858 1652 2888 Cat..
1674 2860 1694 2889 i.
1717 2870 1743 2889 c.
1764 2862 1793 2896 2,
1814 2860 1876 2889 and
1901 2859 1940 2889 In

1166 2900 1235 2930 Cat.
1253 2901 1293 2930 iv.
1311 2910 1336 2931 c,
1355 2902 1386 2931 6.
