2002 3235
770 206 904 248 GAP.
937 210 976 249 3.
1592 211 1675 256 479

68 320 205 361 siliam
227 319 374 361 statim
395 320 609 375 profectus
630 323 709 368 est,
743 324 790 360 ut
815 335 1008 362 socerum
1030 320 1170 362 videre
1204 322 1494 378 consolarique
1531 332 1675 380 posset

69 387 269 428 fluctibus
289 387 348 427 rei
370 387 562 441 publicae
583 386 815 441 expulsum,
840 386 879 427 in
912 387 1058 428 alienis
1079 387 1205 428 terris
1225 389 1456 442 jacentem,
1479 405 1602 446 quem
1632 393 1674 433 in

69 452 274 506 majorum
312 466 482 492 suorum
504 451 694 506 vestigiis
730 456 844 492 stare
878 453 1128 507 oportebat:
1164 458 1208 494 et
1238 453 1292 493 ad
1321 468 1414 494 eum
1436 454 1563 496 filiam
1584 458 1675 511 ejus

68 516 259 566 adduxit,
282 521 330 557 ut
350 516 417 557 ille
445 516 659 571 insperato
691 516 897 571 adspectu
926 518 1241 572 complexuque,
1266 519 1300 558 si
1322 534 1404 560 non
1428 534 1605 571 omnem,
1629 529 1675 564 at

68 582 252 637 aliquam
292 587 457 636 partem
498 581 701 622 maeroris
733 582 796 622 sui
829 583 1084 637 deponeret:
1135 589 1179 625 et
1214 584 1409 625 maximis
1445 586 1592 627 officiis
1631 594 1675 630 et

68 648 176 688 illius
215 661 460 688 aerumnam
511 647 649 702 quoad
688 647 805 696 vixit,
849 652 893 689 et
939 648 1048 689 filiae
1090 648 1358 690 solitudinem
1399 654 1672 694 sustentavit.

71 713 252 754 Possum
291 701 423 753 fnulta
458 712 594 753 dicere
636 712 687 752 de
726 712 994 761 liberalitate,
1038 714 1089 754 de
1131 714 1374 755 domesticis
1416 716 1575 768 officiis,
1621 719 1674 760 de

67 778 285 819 tribunatu
318 777 505 827 militari,
538 777 589 818 de
625 777 870 831 provinciali
909 778 951 818 in
992 793 1041 819 eo
1080 779 1336 834 magistratu
1377 781 1668 831 abstinentia;

67 844 142 884 sed
163 843 263 884 mihi
294 848 394 884 ante
426 842 569 883 oculos
602 844 849 883 obversatur
870 843 929 884 rei
952 844 1141 898 publicae
1173 844 1373 899 dignitas,
1397 861 1503 901 quae
1529 863 1596 889 me
1618 849 1672 889 ad

66 922 158 949 sese
179 908 302 963 rapit,
328 908 430 948 haec
462 907 625 947 minora
646 907 880 962 relinquere
911 908 1119 950 hortatur.
1187 910 1398 962 Quaestor
1420 912 1486 953 hic
1511 912 1557 954 O.
1583 914 1673 954 An-

66 972 184 1021 tonii,
223 972 406 1026 collegae
438 972 531 1022 mei,
564 972 743 1026 judices,
783 972 861 1014 fuit
896 979 1024 1019 sorte,
1058 974 1131 1014 sed
1167 975 1371 1017 societate
1404 978 1673 1020 consiliorum

66 1053 199 1079 meus.
262 1037 475 1093 Impedior
509 1037 747 1079 nonnullius
783 1038 918 1088 officii,
957 1043 1005 1080 ut
1036 1053 1115 1094 ego
1152 1039 1420 1096 interpretor,
1456 1044 1670 1099 religione,

67 1103 289 1158 quominus
319 1117 539 1158 exponam,
565 1118 689 1158 quam
724 1103 858 1145 multa
893 1104 943 1145 P.
969 1104 1144 1155 Sestius,
1169 1120 1297 1160 quum
1329 1115 1441 1149 esset
1463 1124 1557 1150 cum
1590 1111 1672 1151 col-

65 1169 158 1224 lega
178 1183 285 1218 meo,
304 1168 494 1218 senserit,
519 1169 573 1209 ad
595 1183 661 1209 me
683 1169 895 1219 detulerit,
921 1175 1078 1224 quanto
1099 1177 1199 1212 ante
1221 1172 1461 1226 providerit.
1525 1175 1672 1230 Atque

67 1249 145 1289 ego
178 1234 230 1275 de
267 1234 457 1275 Antonio
497 1234 600 1274 nihil
641 1234 734 1275 dico
776 1240 943 1290 praeter
983 1250 1136 1278 unum:
1186 1252 1411 1292 numquam
1447 1238 1561 1279 illum
1602 1240 1671 1281 illo

66 1314 230 1340 summo
271 1299 422 1340 timore
463 1313 512 1340 ac
567 1299 751 1354 periculo
797 1300 983 1341 civitatis
1024 1315 1159 1356 neque
1207 1317 1469 1344 communem
1509 1310 1670 1346 metum

66 1364 250 1406 omnium
291 1379 367 1405 nec
396 1364 606 1419 propriam
640 1365 935 1406 nonnullorum
968 1366 1018 1406 de
1047 1366 1137 1420 ipso
1164 1368 1440 1422 suspicionem
1471 1375 1546 1410 aut
1578 1370 1669 1410 infi-

65 1429 210 1470 tiando
246 1429 392 1470 tollere
427 1435 502 1470 aut
536 1429 835 1471 dissimulando
869 1431 1015 1471 sedare
1047 1431 1240 1474 voluisse.
1306 1433 1354 1473 In
1390 1449 1471 1489 quo
1509 1435 1670 1490 collega

64 1494 311 1535 sustinendo
333 1499 460 1549 atque
483 1495 750 1544 moderando,
781 1495 816 1535 si
852 1510 989 1536 meam
1020 1495 1061 1535 in
1093 1495 1206 1537 illum
1238 1496 1541 1552 indulgentiam
1572 1514 1668 1540 con-

60 1560 255 1615 junctam
286 1574 377 1600 cum
411 1574 574 1600 summa
603 1560 796 1601 custodia
827 1560 886 1600 rei
918 1560 1107 1615 publicae
1136 1561 1305 1603 laudare
1327 1578 1423 1604 vere
1454 1565 1666 1614 solebatis,

64 1640 140 1680 par
160 1640 291 1680 prope
313 1625 404 1666 laus
434 1624 484 1666 P.
510 1624 636 1666 Sestii
658 1640 749 1667 esse
781 1626 921 1675 debet,
945 1626 1014 1681 qui
1045 1626 1106 1668 ita
1130 1642 1253 1669 suum
1284 1630 1496 1672 consulem
1527 1632 1667 1672 obser-

106 1783 258 1812 maximis
281 1781 410 1821 officiis]
461 1784 480 1799 ‘⁴
494 1784 501 1798 ⁴
517 1782 661 1812 maximis
682 1786 845 1822 praeterea
890 1794 977 1814 some
997 1788 1080 1815 went
1107 1788 1139 1816 to
1163 1786 1218 1816 the
1244 1787 1407 1826 provinces
1419 1788 1438 1802 ’⁷
1458 1787 1665 1828 (Manutius).

63 1825 258 1865 assiduisque
310 1824 441 1861 officiis,'
489 1825 683 1861 Mommsen,
735 1827 843 1857 Halm.
892 1828 977 1858 Here
993 1839 1038 1858 we
1051 1829 1138 1858 learn
1154 1829 1223 1859 that
1237 1840 1255 1859 a
1271 1835 1419 1869 quaestor
1441 1842 1503 1861 was
1520 1833 1666 1863 attached

63 1869 265 1898 ‘Praeteritas
278 1878 346 1898 esse
359 1868 412 1898 sed
426 1869 463 1898 iis
476 1874 507 1898 et
518 1868 649 1904 officiis‚'
664 1869 712 1899 P1.
726 1870 776 1907 G.,
789 1870 842 1900 sed
887 1875 921 1900 to
933 1871 1007 1901 each
1025 1872 1134 1901 consul
1151 1872 1265 1911 during
1277 1874 1325 1903 his
1338 1884 1412 1913 year
1427 1875 1464 1904 of
1475 1875 1573 1905 office.
1620 1876 1666 1906 As

61 1912 95 1941 in
113 1912 147 1941 P.
166 1914 173 1928 ⁶
185 1916 284 1951 praet.
301 1921 369 1941 esse
393 1911 446 1941 sed
470 1912 506 1941 iis
523 1910 577 1947 et,’
595 1922 637 1941 m.
654 1914 684 1946 2,
703 1912 841 1942 deletum
888 1917 920 1943 to
937 1913 974 1944 C.
993 1915 1161 1950 Antonius,
1189 1916 1323 1946 Cicero's
1347 1917 1515 1956 colleague,
1541 1928 1592 1948 see
1612 1919 1666 1948 the

62 1958 130 1990 est;
167 1958 174 1971 ‘
186 1955 294 1984 officiis
306 1953 313 1966 '
340 1954 434 1984 edd.'’
462 1953 603 1994 (Halm.)
660 1955 754 1985 From
779 1956 842 1986 this
888 1957 1011 1987 Introd.
1028 1961 1062 1987 to
1078 1958 1133 1988 the
1146 1959 1283 1989 orations
1299 1961 1422 1998 against
1439 1960 1584 1990 Catiline.

62 1998 87 2028 it
103 2008 234 2037 appears
250 1997 319 2027 that
335 1997 390 2027 the
405 2000 474 2026 text
489 1998 514 2027 is
531 1998 705 2027 uncertain.
930 2002 1115 2031 nonnullius
1125 2003 1232 2040 officii,
1247 2025 1254 2032 .
1274 2025 1281 2032 .
1301 2025 1307 2031 .
1326 2004 1506 2044 reliytone,]
1556 2004 1666 2034 Cicero

106 2040 144 2070 de
168 2041 336 2070 tribunatu
360 2040 525 2079 militari‚]
585 2041 680 2071 Some
703 2041 841 2071 ‘tribuni
886 2042 921 2072 of
945 2054 1054 2073 course
1080 2055 1187 2074 means
1214 2045 1284 2075 that
1311 2046 1350 2075 he
1374 2047 1400 2076 is
1425 2048 1596 2086 prevented
1624 2048 1666 2087 by

62 2083 212 2113 militares
224 2084 231 2096 ’
243 2093 324 2113 were
333 2083 504 2122 appointed
518 2083 559 2122 by
572 2083 627 2112 the
639 2085 841 2114 commander
885 2086 996 2125 regard
1013 2091 1045 2116 to
1061 2087 1110 2117 his
1130 2087 1246 2118 former
1265 2089 1396 2119 relation
1413 2090 1546 2120 towards
1563 2091 1665 2121 Anto-

61 2126 97 2156 οἱ
118 2127 172 2155 the
196 2136 295 2165 army,
324 2135 410 2155 some
436 2135 516 2155 were
539 2126 659 2156 elected
682 2130 714 2155 at
740 2127 841 2157 Rome
886 2129 975 2165 nius;
1000 2140 1036 2159 or
1051 2140 1084 2159 as
1106 2131 1131 2159 it
1146 2131 1172 2160 is
1191 2131 1260 2160 well
1275 2132 1441 2171 expressed
1457 2133 1489 2162 in
1514 2134 1567 2163 the
1585 2134 1664 2164 Ger-

63 2168 167 2209 (Verr.
186 2169 257 2199 Act.
284 2170 303 2198 i.
329 2178 355 2197 c.
376 2169 424 2203 10,
451 2167 550 2207 note).
599 2169 656 2198 See
680 2169 768 2208 Livy,
786 2170 838 2199 vii.
885 2181 957 2200 man
982 2173 1106 2202 version
1131 2174 1212 2202 cited
1234 2174 1275 2213 by
1295 2175 1411 2204 Halm:
1439 2179 1457 2191 ‘⁴
1472 2176 1531 2205 Die
1556 2177 1664 2207 Riick-

63 2215 92 2242 5.
139 2212 208 2242 The
224 2211 324 2241 words
342 2214 397 2241 ‘eo
417 2211 601 2250 magistratu
614 2211 621 2224 '
640 2211 751 2250 signify
770 2212 840 2241 that
884 2214 1017 2249 sichten,
1036 2215 1152 2245 welche
1162 2216 1212 2245 ich
1225 2216 1295 2246 dem
1309 2218 1468 2247 Antonius
1481 2219 1527 2248 als
1537 2219 1664 2249 ehema-

64 2255 184 2285 Sestius
211 2265 273 2284 was
299 2254 465 2284 ‘tribunus
493 2254 557 2283 mil.
583 2265 601 2283 a
630 2253 770 2293 populo,’
798 2265 838 2284 an
884 2257 966 2295 ligen
999 2258 1247 2295 Amtsgenossen
1281 2260 1424 2299 schuldig
1447 2260 1512 2297 bin,
1538 2263 1663 2292 vei-hin-

62 2298 243 2337 expression
257 2297 358 2326 which
371 2297 458 2326 often
471 2307 580 2326 occurs
593 2297 624 2326 in
638 2297 840 2336 inscriptions
885 2299 962 2328 dern
987 2300 1107 2329 mich.”
1166 2301 1197 2330 It
1220 2302 1245 2331 is
1272 2312 1291 2331 a
1317 2306 1443 2342 strange
1470 2305 1604 2335 mistake
1630 2310 1663 2336 to

63 2340 203 2381 (Orelli).
260 2340 386 2375 Sallust,
410 2340 485 2379 Jug.
518 2342 577 2369 63:
612 2342 630 2356 ‘⁴
643 2340 839 2370 tribunatum
885 2352 1022 2381 suppose
1053 2344 1123 2372 that
1153 2343 1208 2373 the
1237 2347 1244 2360 ‘
1259 2345 1367 2384 religio
1382 2346 1389 2358 ¹
1421 2347 1456 2376 of
1485 2347 1605 2378 Sestius
1636 2349 1663 2378 is

62 2384 230 2413 militarem
263 2394 281 2413 a
311 2383 430 2422 populo
461 2383 542 2422 petit
575 2382 726 2423 (Marius)
753 2406 760 2413 .
791 2406 798 2413 .
829 2405 838 2413 .
885 2389 1002 2419 meant,
1018 2395 1052 2414 as
1072 2386 1249 2423 Drumann,
1267 2398 1295 2418 v,
1318 2390 1391 2425 480,
1409 2390 1663 2421 unde1·standsit

61 2427 174 2456 deinde
186 2427 225 2456 ab
242 2437 279 2455 eo
296 2425 513 2465 magistratu’'
533 2426 672 2465 (Halm).
884 2428 915 2457 in
944 2428 992 2457 his
1033 2429 1211 2467 exposition
1244 2431 1278 2459 of
1305 2432 1368 2461 this
1399 2443 1540 2472 passage.
1597 2435 1662 2464 But

105 2471 296 2500 abstinentia
308 2469 336 2508 ‚·]
399 2469 468 2499 The
511 2473 517 2485 ‘
531 2469 651 2499 tribuni
681 2470 817 2498 militum
830 2468 838 2481 ’
885 2471 1052 2500 Drumann
1069 2472 1155 2501 often
1174 2473 1445 2505 misunderstands
1459 2476 1506 2506 his
1520 2477 1660 2506 authors.

60 2512 176 2551 having
199 2522 217 2541 a
239 2512 314 2551 high
339 2513 427 2551 place
449 2512 482 2541 in
505 2512 560 2541 the
586 2513 750 2551 provinces
777 2513 838 2541 and
884 2513 920 2543 C.
949 2515 1107 2544 Antonius
1135 2525 1196 2544 was
1220 2526 1289 2545 now
1320 2517 1353 2546 in
1377 2519 1466 2548 exile.
1523 2519 1661 2549 Cicero’s

61 2565 177 2594 power,
203 2555 304 2594 might
327 2555 366 2584 do
390 2566 408 2584 a
434 2559 521 2594 great
552 2555 621 2585 deal
649 2559 682 2584 to
698 2566 757 2585 vex
784 2556 838 2585 the
883 2557 1012 2595 opinion
1029 2558 1064 2586 of
1077 2558 1124 2587 his
1147 2559 1308 2599 treachery
1325 2560 1351 2589 is
1370 2562 1537 2600 expressed
1558 2563 1591 2592 in
1608 2563 1662 2592 the

61 2598 193 2637 people:
231 2601 250 2614 ‘⁴
266 2598 355 2631 Quae
382 2598 491 2627 civitas
511 2601 559 2628 est
583 2599 615 2627 in
643 2599 729 2634 Asia,
759 2609 839 2638 quae
884 2600 922 2629 In
941 2600 1046 2629 Pison.
1065 2611 1090 2630 c.
1109 2603 1137 2631 2.

60 2650 124 2670 non
146 2640 240 2670 modo
263 2641 459 2679 imperatoris
483 2645 537 2670 aut
553 2641 657 2680 legati,
676 2642 729 2671 sed
747 2642 839 2671 unius
927 2645 1085 2672 consulem
1103 2644 1296 2684 observavit]
1347 2646 1513 2675 Drumann
1531 2647 1587 2676 has
1603 2647 1660 2677 ob-

61 2684 134 2713 trib.
153 2684 217 2712 mil.
234 2684 354 2712 animos
377 2694 413 2713 ac
437 2684 564 2723 spiritus
581 2695 692 2723 capere
708 2685 808 2723 possit
819 2684 838 2697 '’
884 2686 991 2715 served
1008 2686 1076 2716 that
1093 2687 1181 2716 there
1198 2687 1223 2716 is
1239 2698 1257 2716 a
1278 2688 1394 2718 double
1418 2690 1564 2728 meaning
1585 2690 1660 2720 here

63 2726 129 2765 (De
154 2726 236 2764 Imp.
263 2725 321 2755 Cn.
347 2726 456 2765 Pomp.
481 2737 506 2756 c.
531 2729 590 2763 22;
613 2727 673 2757 and
691 2728 780 2757 Verr.
806 2728 836 2757 ii.
883 2729 914 2758 in
928 2729 982 2758 the
992 2729 1087 2764 word,
1099 2730 1176 2758 asin
1190 2730 1244 2759 the
1257 2731 1306 2759 Ad
1320 2731 1405 2761 Fam.
1418 2732 1469 2760 vii.
1483 2733 1543 2767 27:
1563 2733 1659 2771 “Ego

61 2771 92 2800 3.
110 2779 135 2798 c.
154 2770 205 2803 58,
225 2768 387 2799 ‘tribunos
404 2779 475 2799 suos
490 2769 526 2808 ⁹).
883 2772 965 2801 enim
998 2776 1030 2801 te
1059 2773 1091 2801 in
1123 2773 1288 2802 consulatu
1319 2774 1515 2804 observaram
1531 2775 1563 2811 ;”
1596 2776 1658 2805 and

110 2813 269 2847 Quaestor
295 2834 301 2841 .
321 2834 328 2841 .
348 2835 354 2841 .
382 2812 413 2842 Ο.
440 2813 605 2852 Antonii]
656 2813 782 2843 “Some
807 2814 843 2843 of
883 2814 933 2844 Ad
951 2815 990 2847 Q.
1011 2816 1058 2845 Fr.
1071 2816 1113 2845 iii.
1132 2818 1170 2846 9:
1197 2819 1215 2831 ‘⁴
1232 2816 1291 2845 Sed
1310 2827 1359 2846 me
1376 2817 1414 2846 ab
1431 2827 1467 2846 eo
1490 2818 1534 2847 ita
1550 2818 1657 2848 obser-

60 2854 116 2884 the
138 2858 300 2894 quaestors
315 2855 474 2884 remained
490 2855 563 2884 with
580 2856 634 2885 the
657 2857 782 2886 consuls
805 2857 837 2886 in
882 2858 947 2887 vari
959 2859 1022 2887 scio
1034 2862 1067 2888 ut
1078 2859 1144 2897 ejus
1157 2859 1216 2888 ista
1226 2859 1297 2888 odia
1310 2869 1373 2889 non
1387 2860 1530 2890 sorbeam
1544 2862 1657 2898 solum,

61 2897 116 2927 the
139 2898 212 2936 city,
230 2907 316 2927 some
338 2897 451 2927 looked
474 2898 555 2927 after
570 2898 623 2928 the
637 2902 644 2915 ⁴
658 2899 835 2936 aerarium‚’
882 2901 936 2930 sed
953 2902 1045 2930 ctiam
1064 2902 1291 2941 concoquam.''
