2002 3235
719 230 852 273 OAP.
885 229 952 280 27,
976 231 1044 270 28.
1600 230 1682 272 469

75 345 210 388 nostri
243 345 400 387 ordinis
432 345 656 401 expeditus
683 346 775 400 jam
808 359 892 386 non
924 344 1029 386 erit:
1066 343 1200 385 civem
1231 342 1302 398 qui
1335 357 1380 383 se
1413 357 1489 397 pro
1520 343 1682 396 patriae

76 412 211 453 salute
252 417 439 467 opponat
470 410 650 452 invidiae
690 411 846 451 frustra
881 410 1060 466 posthac
1091 408 1328 464 requiretis.
1392 406 1531 458 Quare
1572 407 1682 447 hunc

75 482 248 527 statum,
273 477 343 532 qui
365 492 475 517 nunc
497 481 575 523 est,
599 476 911 531 qualiscumque
933 480 1010 525 est,
1034 474 1147 515 nulla
1167 474 1248 514 alia
1278 488 1323 514 re
1355 472 1434 513 nisi
1457 471 1682 512 concordia

74 541 256 583 retinere
278 557 524 597 possumus:
550 557 646 582 nain
668 547 717 582 ut
738 541 909 582 meliore
931 541 1062 581 simus
1082 540 1174 580 loco
1191 554 1243 580 ne
1261 538 1492 594 optandum
1516 536 1682 591 quidem

74 611 152 656 est,
176 606 245 648 illo
267 608 498 662 impunito;
534 607 743 649 deteriore
765 612 907 647 autem
929 611 1044 646 statu
1062 611 1109 646 ut
1131 605 1272 654 simus,
1297 619 1404 644 unus
1425 607 1492 644 est
1513 601 1683 642 inferior

73 672 243 726 gradus,
268 678 344 714 aut
364 673 562 714 interitus
584 678 659 714 aut
687 672 920 713 servitutis.
984 671 1076 723 Quo
1099 685 1150 712 ne
1176 670 1398 711 trudamur
1426 667 1481 708 dii
1513 667 1682 707 immor-

74 737 181 778 tales
221 753 298 779 nos
338 739 578 788 admonent,
614 738 811 793 quoniam
847 736 1101 792 jampridem
1142 736 1325 776 humana
1366 733 1540 775 consilia
1575 732 1682 773 ceci-

75 803 242 844 derunt.
305 804 449 859 Atque
472 818 550 859 ego
572 804 678 844 hanc
701 803 950 850 orationem,
974 807 1118 856 patres
1140 799 1380 855 conscripti,
1396 804 1485 840 tam
1500 797 1681 846 tristem,

74 874 164 910 tam
199 883 383 923 gravem,
421 883 504 909 non
539 868 848 923 suscepissem3
883 882 966 907 non
1003 866 1101 921 quin
1138 866 1246 906 hanc
1279 878 1499 920 personam
1533 868 1577 904 et
1608 863 1683 903 has

73 938 217 989 partes
247 934 476 974 honoribus
507 933 649 988 populi
672 932 864 982 Romani,
892 932 1046 973 vestris
1077 930 1265 986 plurimis
1297 928 1554 970 ornamentis
1581 926 1684 967 mihi

72 998 247 1040 tributis
268 999 463 1040 deberem
485 1003 529 1040 et
559 1013 727 1054 possem
752 997 988 1045 sustinere;
1024 997 1097 1038 sed
1129 1002 1272 1038 tamen
1292 995 1414 1036 facile
1442 993 1684 1035 tacentibus

74 1064 227 1105 ceteris
259 1063 544 1105 reticuissem:
584 1065 659 1105 sed
694 1063 798 1104 haec
836 1062 973 1104 oratio
1008 1062 1143 1103 omnis
1180 1061 1258 1102 fuit
1294 1075 1376 1101 non
1413 1058 1684 1100 auctoritatis

72 1143 203 1179 meae,
227 1130 301 1170 sed
333 1129 523 1184 publicae
556 1129 780 1184 religionis.
846 1128 948 1169 Mea
977 1127 1150 1168 fuerunt
1181 1126 1309 1167 verba
1338 1125 1519 1166 fortasse
1549 1123 1681 1178 plura,

74 1194 311 1236 sententiae
334 1194 502 1250 quidem
524 1209 667 1235 omnes
692 1193 974 1249 haruspicum,
1000 1193 1054 1233 ad
1081 1207 1187 1247 quos
1215 1197 1289 1232 aut
1311 1190 1458 1231 referri
1489 1189 1686 1229 nuntiata

74 1265 244 1302 ostenta
274 1274 358 1300 non
380 1260 588 1310 convenit,
612 1264 687 1300 aut
708 1274 853 1300 eorum
883 1257 1096 1313 responsis
1125 1255 1378 1298 commoveri
1410 1269 1582 1296 necesse
1604 1260 1684 1295 est.

77 1325 200 1378 Quod
235 1325 269 1365 si
306 1330 448 1366 cetera
478 1325 613 1380 magis
646 1324 895 1379 pervulgata
929 1337 1005 1363 nos
1039 1337 1165 1377 saepe
1196 1327 1238 1362 et
1265 1320 1420 1361 leviora
1451 1323 1683 1367 moverunt,

75 1406 156 1432 vox
189 1391 282 1446 ipsa
318 1391 490 1431 deorum
523 1389 822 1430 immortalium
858 1403 941 1428 non
976 1392 1142 1428 mentes
1176 1386 1359 1427 omnium
1397 1383 1685 1440 permovebit?

78 1456 221 1498 Nolite
243 1456 354 1496 enim
374 1456 416 1496 id
438 1461 588 1511 putare
608 1454 801 1496 accidere
826 1468 961 1509 posse,
988 1453 1099 1508 quod
1130 1452 1171 1492 in
1203 1451 1355 1492 fabulis
1386 1465 1511 1505 saepe
1532 1449 1685 1490 videtis

75 1522 178 1571 fieri,
203 1526 251 1563 ut
268 1522 371 1562 deus
387 1521 513 1576 aliqui
531 1521 725 1575 delapsus
740 1521 791 1560 de
809 1520 923 1560 caelo
939 1523 1086 1559 coetus
1105 1517 1320 1558 hominum
1337 1516 1475 1565 adeat,
1496 1519 1686 1556 versetur

77 1587 119 1628 in
140 1587 278 1635 terris,
303 1602 397 1627 cum
418 1586 658 1628 hominibus
680 1586 956 1640 colloquatur.
1019 1584 1217 1639 Cogitate
1239 1597 1374 1638 genus
1401 1581 1565 1622 sonitus
1594 1580 1686 1634 ejus

77 1667 201 1708 quem
231 1652 498 1693 Latinienses
529 1651 800 1692 nuntiarunt:
836 1649 1113 1691 recordamini
1144 1649 1246 1689 illud
1278 1647 1418 1696 etiam,
1443 1646 1554 1702 quod
1584 1661 1686 1686 non—

78 1719 177 1759 dum
199 1724 264 1759 est
285 1718 475 1767 relatum,
501 1717 612 1772 quod
638 1717 785 1757 eodem
812 1717 898 1757 fere
929 1721 1118 1770 tempore
1148 1715 1289 1755 factus
1319 1713 1360 1752 in
1391 1727 1494 1767 agro
1528 1711 1686 1752 Piceno

80 1784 307 1826 Potentiae
334 1783 553 1825 nuntiatur
578 1788 717 1824 terrae
744 1787 886 1824 motus
908 1781 1131 1828 horribilis,
1156 1795 1252 1821 cum
1274 1779 1524 1834 quibusdam
1546 1777 1688 1818 multis

906 1897 938 1924 et
953 1896 1055 1924 terrae
1071 1895 1176 1923 motus
1192 1891 1321 1932 quidam
1335 1890 1355 1904 '’
1373 1890 1502 1931 (Wolf).
1550 1889 1601 1919 He
1616 1887 1689 1918 tells

906 1938 994 1968 them
1010 1940 1067 1966 not
1089 1940 1123 1966 to
1147 1939 1259 1975 expect
1280 1939 1313 1964 to
1333 1944 1384 1964 see
1407 1934 1461 1963 the
1485 1932 1562 1972 gods
1584 1932 1689 1961 them-

907 1981 1005 2011 selves
1030 1990 1120 2010 come
1143 1979 1246 2013 down,
1271 1988 1304 2008 as
1322 1987 1367 2007 we
1390 1986 1442 2006 see
1464 1976 1552 2005 them
1577 1985 1618 2005 on
1634 1975 1690 2004 the

78 1898 127 1928 for
141 1897 168 1928 it
182 1897 239 1927 has
260 1897 420 1937 generally
434 1897 517 1928 been
541 1896 741 1937 suppressed.
788 1895 861 1925 Bai·

78 1944 127 1971 ter
142 1941 199 1970 has
217 1944 224 1957 ⁸
236 1940 414 1980 descripta.’

129 1985 235 2020 Quare
258 1985 343 2013 hunc
357 1983 506 2023 staturm]
557 1986 576 2000 “
592 1983 634 2013 H.
652 1993 680 2012 e.
697 1983 860 2018 miserum,

80 2027 182 2067 qualis
221 2026 409 2056 describitur
438 2026 512 2056 inde
541 2037 560 2056 a
596 2025 700 2055 verbis
732 2026 862 2055 Etenim

80 2072 137 2100 υἱῷ·
167 2070 245 2099 Ilaec
275 2072 335 2099 etc.
381 2069 455 2099 Jam
484 2069 564 2098 nihil
602 2069 728 2108 quidem
756 2068 861 2097 minus

81 2117 228 2152 expectes
267 2122 361 2151 quam
400 2111 439 2141 de
476 2112 536 2141 hoc
574 2115 658 2141 statu
684 2111 860 2141 retinendo.

81 2156 143 2186 Sed
167 2165 204 2185 ex
221 2155 383 2194 angustiis,
401 2164 463 2194 quo
487 2154 632 2193 delapsus
659 2158 736 2190 erat,
754 2156 861 2183 enatat

82 2199 247 2238 Sophistes
272 2198 412 2228 artificiis
437 2197 522 2227 suis:
547 2200 583 2227 ut
610 2198 741 2226 meliore
763 2198 862 2226 simas·

81 2243 150 2272 Ioco
167 2245 226 2271 etc.
272 2241 369 2271 Nunc
389 2244 496 2270 autem
518 2240 544 2270 si
567 2240 626 2269 hoc
650 2249 774 2279 sperare
798 2248 864 2268 non

79 2285 153 2315 licet
169 2295 204 2314 ac
228 2294 269 2314 ne
292 2288 402 2323 optare
429 2284 555 2323 quidem
574 2283 698 2323 (Cicero
723 2282 864 2317 dixisset,

81 2329 184 2368 mayis
200 2328 374 2366 optandum
393 2337 487 2366 quam
502 2326 697 2365 sperandam
714 2325 786 2365 est),
805 2324 865 2354 nisi

82 2371 142 2401 iste
172 2371 341 2411 puniatur:
374 2380 428 2400 cur
454 2380 517 2399 non
541 2369 573 2399 id
593 2370 697 2408 ipsum
725 2368 866 2408 postulat

82 2417 188 2444 orator
222 2417 258 2444 ut
288 2414 463 2454 puniatur?
520 2413 585 2443 Cur
622 2412 697 2442 satis
738 2411 861 2446 habuit,

84 2458 207 2487 duobus
238 2458 375 2496 inceptis
412 2457 516 2486 verbis
547 2454 588 2495 (c.
624 2455 655 2496 1)
687 2454 863 2495 periculum

80 2500 190 2540 judicii
206 2500 380 2530 intendisse
392 2499 432 2529 ?”
451 2499 580 2539 (Wolf.)

127 2543 376 2581 verbafortasse
387 2543 515 2582 plura‚]
554 2541 781 2580 Certainly.—‘
793 2550 864 2570 sen-

84 2587 204 2616 tentiae
237 2586 362 2625 quidem
401 2596 511 2616 omnes
550 2585 752 2624 haruspicum
767 2584 785 2613 :’
826 2583 866 2612 he

84 2629 184 2659 found
194 2628 249 2658 the
262 2629 375 2664 words,
386 2629 447 2658 and
463 2633 517 2658 too
533 2639 645 2667 many:
671 2628 726 2657 the
745 2627 866 2657 Harus-

86 2673 171 2712 pices
194 2671 292 2701 found
315 2672 370 2701 the
394 2675 401 2688 ⁴
416 2671 613 2707 sententiae,'
638 2671 693 2701 the
721 2670 868 2708 meaning

86 2725 123 2745 or
145 2715 200 2745 the
222 2724 323 2750 sense,
347 2725 365 2744 a
387 2724 461 2754 very
476 2715 653 2754 ingenuous
678 2713 866 2742 confession.

88 2758 154 2788 But
169 2757 253 2787 what
269 2757 344 2787 does
360 2757 399 2787 he
418 2767 509 2787 mean
525 2757 647 2796 exactly
662 2757 704 2797 by
720 2757 769 2786 his
785 2756 867 2786 anti-

88 2801 187 2831 thesis
201 2801 212 2830 ?

139 2843 231 2879 Quod
253 2844 281 2872 si
302 2843 424 2882 cetera]
474 2845 493 2859 ‘⁴
507 2843 581 2872 Jam
599 2853 717 2872 novum
735 2851 869 2872 examen

91 2896 187 2926 apum
199 2889 321 2915 metuas
334 2889 369 2914 ut
380 2896 406 2915 c.
424 2887 471 2916 12.
518 2886 561 2915 At
571 2889 689 2915 metum
707 2885 868 2920 leviorem,

91 2932 128 2958 ut
154 2929 201 2965 fit,
229 2928 351 2967 gravior
376 2928 506 2967 expellit
536 2938 599 2958 νοω
628 2929 698 2967 ipsa
739 2929 871 2958 deorum

93 2973 335 3007 immortalium,
352 2971 381 3001 h.
400 2981 428 3001 e.
445 2972 565 3001 sonitus
578 2971 662 3010 apud
676 2971 872 3001 Latinienses

908 2028 1006 2063 stage.
1054 2023 1126 2053 One
1141 2022 1253 2061 hardly
1268 2021 1378 2050 knows
1394 2020 1478 2049 what
1501 2019 1556 2048 the
1574 2018 1690 2048 Senate

906 2067 1008 2105 might
1024 2066 1103 2095 have
1126 2064 1275 2104 expected
1292 2064 1372 2093 after
1387 2063 1451 2092 this
1468 2062 1592 2102 speech,
1609 2061 1637 2090 if
1648 2061 1689 2091 he

906 2110 969 2139 had
992 2112 1049 2139 not
1071 2108 1139 2138 told
1162 2108 1251 2137 them
1280 2107 1349 2136 that
1372 2106 1448 2145 they
1479 2105 1583 2134 would
1613 2104 1689 2143 only

904 2153 981 2182 hear
993 2152 1047 2181 the
1059 2151 1147 2190 gods.
1193 2150 1262 2180 The
1274 2149 1381 2179 Mater
1391 2149 1520 2187 Magna,
1535 2148 1689 2184 however,

906 2205 966 2224 one
982 2195 1017 2224 of
1029 2194 1084 2224 the.
1112 2197 1119 2210 ⁴
1132 2194 1193 2223 Dei
1215 2191 1433 2227 immortales,’
1452 2191 1505 2220 did
1528 2200 1567 2229 go
1591 2190 1690 2219 about

908 2238 962 2268 the
974 2237 1063 2267 fields
1080 2236 1142 2266 and
1158 2236 1271 2265 forests
1288 2238 1295 2251 ⁴
1310 2244 1382 2264 cum
1399 2233 1536 2273 quodam
1553 2233 1690 2272 strepitu

908 2281 1102 2318 fremituque
1114 2279 1121 2292 '
1141 2279 1182 2319 (e.
1200 2277 1264 2318 ll).

954 2323 1038 2362 quod
1053 2322 1193 2352 nondum
1211 2324 1256 2350 est
1272 2319 1439 2359 relatum‚]
1490 2318 1595 2349 “Nisi
1619 2321 1689 2348 tan-

911 2366 982 2396 dem
1007 2365 1170 2394 hominem
1193 2363 1289 2393 verba
1312 2363 1510 2398 defecissent,
1538 2362 1689 2401 aggrede-

907 2413 995 2439 retur
1010 2408 1143 2438 fortasse
1169 2406 1259 2436 nobis
1275 2416 1390 2436 novam
1411 2405 1450 2435 de
1466 2405 1565 2434 nihilo
1590 2405 1690 2434 histo-

908 2453 987 2482 riam
1003 2451 1148 2486 condere,
1164 2453 1220 2479 aut
1246 2450 1314 2488 ipse
1336 2448 1453 2478 referre
1474 2448 1514 2478 ad
1536 2448 1690 2478 Senatum

909 2496 948 2525 de
977 2498 1079 2524 terrae
1114 2497 1203 2523 motu
1230 2492 1382 2522 horribili.
1429 2492 1560 2526 Verum,
1593 2500 1689 2530 quae-

909 2548 1034 2577 cunque
1061 2537 1188 2566 demum
1216 2545 1309 2565 causa
1333 2544 1391 2564 nos
1412 2534 1608 2564 defraudavit
1632 2533 1690 2562 hac

910 2581 1073 2616 relatione,
1104 2581 1175 2619 ipsa
1204 2578 1282 2608 haec
1306 2578 1464 2607 levissima
1493 2578 1538 2606 rei
1569 2576 1689 2606 mentio

911 2629 985 2655 ante
1000 2628 1123 2663 portam
1140 2621 1344 2652 claudendam
1361 2620 1455 2650 nimis
1467 2619 1578 2660 putida
1595 2618 1692 2648 videri

912 2668 1039 2698 debebit
1052 2666 1071 2679 ’⁷
1090 2664 1220 2706 (Wolf).

957 2709 1143 2748 Potentiae]
1192 2707 1274 2737 Now
1294 2706 1439 2741 Potenza,
1464 2705 1559 2734 south
1576 2703 1611 2733 of
1623 2703 1691 2733 An-

913 2764 1001 2790 cona,
1024 2752 1086 2782 and
1102 2762 1143 2782 on
1160 2751 1215 2780 the
1225 2753 1310 2780 coast
1326 2749 1361 2778 of
1370 2749 1424 2778 the
1439 2748 1509 2786 gulf
1519 2747 1554 2777 of
1563 2747 1691 2776 Venice.

914 2797 985 2827 One
1006 2795 1108 2826 would
1130 2797 1242 2833 expect
1266 2793 1336 2821 that
1358 2792 1412 2820 the
1438 2794 1553 2820 matter
1577 2789 1612 2819 of
1629 2789 1693 2819 this

913 2839 1051 2870 horrible
1071 2837 1265 2877 earthquake
1281 2834 1383 2864 would
1409 2834 1488 2863 have
1514 2833 1594 2862 been
1623 2836 1693 2862 ‘re-

914 2882 1039 2918 latum,‘
1056 2892 1089 2911 as
1105 2881 1175 2910 well
1190 2890 1223 2909 as
1236 2879 1290 2909 the
1308 2882 1314 2894 ⁴
1327 2875 1471 2912 sonitus‚'
1487 2876 1542 2906 the
1556 2879 1562 2892 ‘
1575 2885 1674 2914 genus
1686 2874 1694 2887 '

916 2926 952 2957 of
964 2925 1066 2955 which
1082 2925 1156 2963 they
1173 2933 1224 2953 are
1240 2921 1336 2952 asked
1352 2925 1385 2950 to
1401 2918 1586 2949 remember.

962 2968 1151 3008 quibusdam
1172 2964 1298 3004 multis]
1348 2963 1530 2993 Mommsen
1547 2970 1698 3001 proposes
