2002 3235
704 207 839 250 GAP.
874 210 1055 250 13—15.
1608 211 1687 249 451

90 323 282 366 omnibus
309 322 491 377 judiciis,
528 327 577 365 ut
612 321 698 363 dixi
729 329 867 371 antea,
902 323 1081 364 liberata
1114 327 1194 363 est.
1255 321 1318 363 At
1349 321 1391 362 in
1422 321 1473 362 iis
1501 322 1686 371 aedibus,

89 404 192 445 qua-s
224 395 283 439 tu,
308 389 358 440 Q.
384 389 494 438 Seio,
524 388 664 443 equite
698 388 903 437 Romano,
927 388 1015 428 viro
1049 388 1220 443 optimo,
1251 402 1324 443 per
1354 392 1398 428 te
1429 386 1691 442 apertissime

90 455 326 504 interfecto,
363 459 493 504 tenes,
529 453 728 495 sacellum
762 453 854 494 dico
888 454 1016 495 fuisse
1050 459 1094 496 et
1125 468 1234 495 aras.
1297 452 1469 493 Tabulis
1498 452 1577 492 hoc
1600 466 1693 492 cen-

89 520 222 569 soriis,
245 520 443 560 memoria
474 520 703 560 multorum
724 519 900 560 firmabo
922 534 971 560 ac
1001 520 1175 561 docebo,
1239 519 1408 574 Agatur
1439 518 1561 558 modo
1590 517 1693 557 haec

90 600 169 634 res,
193 586 304 640 quod
326 600 378 625 ex
409 600 457 626 eo
480 589 652 625 senatus
675 585 866 625 consulto
889 585 999 640 quod
1031 600 1163 640 nuper
1188 589 1253 626 est
1274 585 1432 625 factum
1464 582 1609 623 referri
1640 582 1694 622 ad

91 665 165 691 vos
185 665 355 691 necesse
378 655 454 698 est,
479 651 610 691 habeo
633 665 739 705 quae
761 651 811 691 de
832 650 934 691 locis
962 650 1168 706 religiosis
1189 650 1311 690 velim
1343 649 1494 690 dicere.
1556 648 1695 700 Quum

92 716 143 756 de
176 716 298 756 domo
330 721 403 757 tua
434 716 591 766 dixero,
616 715 658 755 in
689 730 771 770 qua
801 720 943 756 tamen
974 715 1033 756 ita
1059 720 1125 757 est
1156 714 1468 755 inaedificatum
1499 712 1695 753 sacellum

91 786 140 822 ut
180 781 285 822 alius
325 781 482 831 fecerit,
521 781 597 822 tibi
638 781 933 822 tantummodo
967 781 1024 822 sit
1066 780 1382 830 demoliendum,
1418 784 1511 820 tum
1545 777 1695 818 videbo

92 861 192 886 num
220 846 321 886 mihi
349 861 522 887 11666556
554 846 610 888 sit
642 847 693 887 de
721 846 812 886 aliis
841 846 969 887 etiam
990 846 1146 901 aliquid
1178 846 1330 886 dicere.
1394 845 1557 885 Putant
1585 842 1696 883 enim

92 911 277 952 nonnulli
305 912 358 952 ad
386 926 452 952 me
474 911 685 966 pertinere
715 911 1087 952 armamentarium
1111 910 1288 951 Telluris
1313 909 1487 965 aperire.
1550 908 1698 963 Nuper

92 977 135 1017 id
168 976 354 1031 patuisse
388 976 547 1025 dicunt,
571 981 615 1017 et
648 991 726 1031 ego
760 977 971 1017 recordor.
1037 975 1160 1016 Nunc
1194 975 1505 1016 sanctissimam
1535 980 1698 1028 partem

92 1057 142 1083 ac
180 1042 322 1083 sedem
361 1042 567 1082 maximae
604 1041 817 1097 religionis
853 1041 1019 1096 privato
1057 1041 1204 1082 dicunt
1235 1040 1442 1082 vestibulo
1478 1038 1696 1080 contineri.

96 1107 237 1148 Multa
258 1122 324 1148 me
346 1113 542 1156 movent;
580 1108 690 1162 quod
712 1107 838 1148 aedes
861 1106 1039 1147 Telluris
1065 1111 1131 1147 est
1154 1106 1384 1147 curationis
1411 1120 1552 1146 meae:
1588 1103 1700 1159 quod

93 1173 141 1221 is,
159 1173 228 1228 qui
245 1172 344 1213 illud
358 1172 726 1214 armamentarium
741 1172 925 1222 sustulit,
942 1186 1078 1212 meam
1096 1172 1263 1212 domum
1280 1171 1527 1226 pontificum
1540 1169 1699 1224 judicio

93 1238 316 1279 liberatam
336 1239 565 1278 secundum
586 1239 761 1278 fratrem
790 1252 913 1277 suum
930 1237 1166 1291 judicatam
1188 1252 1281 1277 esse
1304 1236 1486 1277 dicebat.
1551 1234 1700 1275 Movet

94 1319 162 1344 me
193 1303 321 1344 etiam
352 1303 392 1342 in
424 1303 503 1344 hac
534 1303 713 1344 caritate
742 1316 944 1352 annonae,
969 1302 1194 1343 sterilitate
1225 1316 1431 1355 agrorum,
1457 1300 1595 1355 inopia
1616 1300 1700 1339 fru-

94 1385 196 1425 gum
236 1369 382 1425 religio
418 1369 609 1419 Telluris,
648 1374 692 1410 et
732 1383 781 1409 eo
822 1368 957 1423 magis
998 1369 1108 1423 quod
1149 1368 1297 1408 eodem
1338 1372 1506 1408 ostento
1544 1364 1701 1406 Telluri

94 1434 266 1490 postilio
288 1434 430 1474 deberi
451 1433 619 1475 dicitur.
682 1432 845 1473 Vetera
865 1433 1047 1474 fortasse
1075 1432 1305 1487 loquimur:
1339 1446 1591 1486 quamquam
1622 1431 1701 1471 hoc

96 1500 131 1541 si
162 1500 300 1540 minus
328 1499 435 1540 civili
461 1500 556 1554 jure
578 1499 861 1554 perscriptum
887 1503 964 1548 est,
988 1499 1081 1553 lege
1109 1503 1253 1540 tamen
1280 1503 1467 1547 naturae,
1492 1495 1701 1537 communi

92 1566 187 1620 jure
222 1565 413 1621 gentium
446 1571 639 1606 sanctum
672 1570 749 1613 est,
787 1570 835 1606 ut
866 1565 969 1605 nihil
1001 1565 1201 1606 mortales
1231 1580 1256 1605 a
1288 1564 1366 1604 diis
1397 1562 1702 1604 immortalibus

97 1646 173 1672 usu
197 1646 345 1687 capere
359 1631 537 1686 possint.
570 1630 680 1670 XV.
705 1629 1011 1671 Verumtamen
1025 1630 1199 1685 antiqua
1215 1629 1492 1684 negligimus:
1520 1627 1703 1669 etiamne

98 1712 147 1738 ea
175 1697 445 1752 negligemus,
480 1711 586 1752 quae
611 1696 718 1737 fiunt
745 1711 871 1751 quum
903 1695 1097 1745 maxime,
1123 1710 1229 1750 quae
1260 1695 1474 1736 videmus?
1509 1693 1556 1734 L.
1583 1692 1704 1733 Piso—

98 1778 194 1804 nem
230 1762 323 1818 quis
358 1762 493 1803 nescit
525 1762 589 1803 his
622 1761 882 1817 temporibus
918 1761 1020 1816 ipsis
1056 1761 1287 1801 maximum
1319 1765 1364 1801 et
1395 1759 1705 1801 sanctissimum

100 1828 264 1869 Dianae
296 1828 493 1869 sacellum
525 1827 567 1868 in
589 1827 797 1868 Caeliculo
819 1826 1068 1868 sustulisse?
1129 1825 1303 1867 Adsunt
1334 1825 1458 1867 vicini
1489 1825 1581 1880 ejus
1610 1823 1706 1873 1061,

147 1962 197 1992 14.
233 1960 364 1990 Tabulis
381 1982 388 1989 .
413 1982 420 1989 .
450 1981 457 1988 .
484 1957 664 1997 censoriis]
714 1958 831 1994 Baiter,
849 1958 882 1988 in
926 1957 1003 1997 gods
1021 1955 1226 1996 ‘postulant’

101 2005 191 2044 place
221 2003 256 2033 of
277 2002 412 2032 ‘tabulis
438 2001 626 2036 censorum‚’
653 2002 707 2031 the
735 2011 882 2031 common
976 1999 1109 2039 Vetera]
1159 1998 1404 2029 Old-fashioned
1444 1998 1562 2037 things,
1599 1996 1706 2035 things

101 2047 241 2085 reading.
287 2045 356 2075 The
377 2045 474 2074 MSS.
492 2044 595 2074 which
612 2044 651 2074 he
668 2048 780 2084 quotes
803 2045 883 2074 have
927 2044 1029 2073 which
1045 2043 1099 2073 the
1114 2046 1243 2082 present
1259 2042 1461 2080 enlightened
1484 2052 1541 2081 age
1557 2041 1708 2080 despises.

103 2090 204 2120 either
220 2093 227 2106 ⁴
240 2088 378 2119 censoris
392 2087 399 2101 '
417 2098 452 2117 or
465 2091 472 2104 ‘
485 2087 708 2117 6611501653-ι
723 2087 763 2120 Q.
779 2087 850 2117 Seio
862 2087 882 2117 ε’
930 2087 982 2116 Η6
1003 2087 1077 2116 does
1093 2089 1150 2115 not
1173 2096 1226 2125 say
1242 2085 1312 2115 that
1335 2085 1425 2115 there
1445 2085 1471 2114 is
1487 2095 1506 2114 a
1520 2085 1588 2114 rule
1604 2083 1638 2113 of
1651 2083 1709 2113 law

104 2134 154 2164 De
172 2133 287 2167 Domo,
305 2141 330 2161 c.
347 2132 400 2161 44.
928 2130 1030 2159 which
1054 2129 1173 2158 forbids
1196 2139 1214 2157 a
1237 2128 1306 2157 title
1328 2131 1362 2157 to
1386 2128 1425 2157 be
1445 2131 1499 2166 got
1525 2127 1567 2167 by
1590 2137 1646 2156 1156
1676 2129 1709 2155 to

147 2176 278 2214 Aqatur
302 2175 394 2204 modo
422 2174 500 2203 haec
530 2173 607 2212 res‚]
656 2172 759 2202 There
789 2173 815 2202 is
842 2182 884 2202 no
929 2172 1037 2211 things
1054 2175 1101 2201 set
1116 2174 1206 2209 apart
1222 2171 1270 2200 for
1286 2171 1392 2200 sacred
1405 2180 1569 2210 purposes,
1587 2169 1710 2207 though

104 2219 257 2257 difficulty
287 2217 320 2246 in
354 2216 543 2253 translating
582 2216 638 2245 the
670 2218 735 2245 rest
765 2215 800 2244 of
831 2215 885 2245 the
931 2215 1008 2244 such
1024 2225 1086 2244 was
1109 2215 1164 2244 the
1186 2214 1256 2243 rule
1279 2217 1311 2242 at
1336 2213 1448 2250 Rome,
1472 2214 1534 2243 and
1554 2214 1580 2243 it
1603 2213 1629 2242 is
1655 2213 1710 2242 the

104 2262 244 2301 chapter,
261 2260 319 2289 but
334 2261 359 2289 it
374 2260 400 2289 is
416 2258 658 2297 unintelligible.
930 2258 998 2286 rule
1027 2258 1059 2286 in
1095 2257 1137 2286 all
1167 2256 1325 2286 countries
1354 2256 1458 2286 where
1488 2256 1543 2285 the
1574 2256 1648 2285 Law
1679 2255 1714 2285 of

149 2303 451 2341 armamentarium]
481 2302 514 2331 P.
534 2302 572 2332 G.
591 2301 628 2331 E.
640 2301 720 2331 have
737 2304 743 2318 ‘
757 2311 884 2330 acmen·
932 2300 1077 2339 Religion
1093 2300 1119 2329 is
1135 2310 1153 2328 a
1169 2303 1239 2338 part
1255 2299 1291 2328 of
1305 2299 1358 2328 the
1374 2299 1433 2329 Jus
1451 2299 1627 2328 Publicum.

105 2347 244 2383 tarium‚'
263 2350 319 2376 out
341 2346 376 2375 of
389 2345 490 2375 which
516 2345 697 2374 Mommsen
720 2344 776 2373 has
794 2344 886 2373 made
973 2342 1034 2373 Jus
1065 2342 1165 2373 Civile
1194 2342 1220 2371 is
1251 2342 1306 2371 the
1336 2342 1394 2371 law
1430 2342 1465 2371 of
1491 2352 1552 2381 any
1576 2342 1707 2371 nation:

106 2395 114 2409 ‘
126 2388 412 2429 magmentarium‚’
429 2389 530 2418 which
548 2388 655 2417 Baiter
667 2387 722 2416 has
739 2387 874 2426 printed.
930 2387 950 2401 “
966 2385 1059 2419 Quod
1076 2386 1209 2424 quisque
1232 2385 1368 2424 populus
1392 2385 1460 2424 ipse
1481 2385 1540 2415 sibi
1560 2385 1612 2424 jus
1634 2394 1709 2413 con·

149 2435 200 2464 An
215 2432 509 2462 ‘armamentarium
521 2431 528 2444 '
543 2431 731 2470 wasaplace
741 2431 773 2460 in
784 2429 886 2459 which
932 2429 1045 2464 stituit,
1076 2428 1107 2457 id
1131 2428 1230 2467 ipsius
1254 2428 1417 2467 proprium
1439 2432 1487 2458 est
1516 2432 1709 2467 vocaturque

106 2487 190 2507 arms
206 2486 286 2506 were
306 2476 393 2514 kept,
418 2475 479 2504 and
503 2475 592 2504 there
609 2484 688 2504 were
711 2473 830 2503 several
852 2476 884 2502 at
926 2473 978 2511 jus
995 2472 1093 2507 civile,
1119 2471 1207 2510 quasi
1219 2471 1271 2509 jus
1296 2472 1458 2510 proprium
1484 2472 1581 2511 ipsius
1601 2471 1708 2500 civita-

108 2521 220 2550 Rome.
267 2518 441 2558 ‘Aperire‚’
474 2528 543 2557 says
576 2517 752 2549 Manutius,
778 2526 885 2545 means
930 2517 991 2545 tis:
1017 2514 1101 2554 quod
1117 2523 1191 2543 vero
1215 2514 1366 2543 naturalis
1389 2514 1467 2544 ratio
1491 2515 1573 2544 inter
1599 2522 1709 2543 01111165

108 2567 175 2592 “to
197 2562 272 2592 take
295 2572 380 2601 away
397 2562 451 2591 the
475 2562 595 2599 private
620 2564 626 2577 ⁴
643 2557 885 2589 vestibulum.'’'
931 2558 1074 2587 homines
1098 2557 1273 2591 constituit,
1290 2557 1321 2586 id
1341 2557 1422 2596 apud
1448 2567 1557 2587 omnes
1573 2556 1709 2596 populos

108 2606 124 2635 I
141 2606 181 2634 do
198 2609 253 2634 not
269 2605 360 2634 know
377 2605 403 2633 if
415 2615 461 2634 we
473 2604 551 2633 have
563 2614 624 2643 any
637 2603 727 2633 other
740 2603 887 2632 evidence
932 2610 1086 2640 peraeque
1121 2599 1298 2629 custoditur
1331 2603 1522 2640 vocaturque
1550 2601 1601 2639 jus
1632 2608 1708 2637 gen-

108 2648 144 2678 of
156 2648 210 2677 the
226 2658 296 2677 care
316 2647 464 2686 (curatio)
481 2648 516 2676 of
527 2648 582 2676 the
597 2647 716 2685 temple
732 2646 767 2675 of
779 2645 886 2675 Tellus
931 2645 1022 2678 tium,
1048 2644 1136 2683 quasi
1160 2652 1222 2682 quo
1242 2642 1313 2680 jure
1340 2652 1450 2672 omnes
1474 2647 1584 2682 gentes
1611 2647 1708 2671 utun-

110 2691 279 2729 belonging
294 2694 327 2719 to
344 2690 463 2719 Cicero.
489 2689 565 2729 (Pro
582 2690 618 2719 C.
638 2689 777 2724 Rabirio.
795 2699 819 2717 c.
839 2687 885 2728 7.)
931 2686 1013 2717 tur”
1032 2687 1154 2725 (Gaius,
1171 2686 1192 2714 i.
1211 2685 1254 2724 l).

153 2743 253 2763 meam
272 2732 415 2771 domum]
464 2736 471 2749 ⁴
487 2743 557 2762 mea
584 2733 677 2762 domo
699 2732 884 2771 pontificum
978 2732 1026 2760 15.
1051 2730 1241 2768 ueyliyimus
1263 2751 1269 2757 .
1289 2750 1295 2757 .
1312 2751 1318 2758 .
1335 2727 1556 2766 neqliqemus‚]
1592 2727 1709 2766 ‘negli-

106 2776 225 2816 judicio
248 2776 403 2817 liberata„
422 2798 429 2805 .
449 2798 456 2805 .
470 2775 669 2814 judicatum,'
693 2775 885 2810 Mommsen,
931 2784 1040 2812 gemus
1060 2796 1066 2802 .
1085 2795 1091 2802 .
1109 2795 1115 2801 .
1133 2770 1349 2809 negligainus.'
1367 2771 1482 2800 Baiter.

111 2819 229 2849 Baiter.
982 2816 1157 2851 Caeliculo]
1196 2814 1295 2844 Codd.
1343 2813 1494 2843 Graevius
1510 2821 1661 2851 proposes
1677 2814 1710 2841 to

149 2860 299 2900 postilio]
347 2861 497 2899 ‘pos-lilio
525 2860 731 2899 P1.,postill0
759 2860 809 2891 ΡΖ,
836 2859 888 2893 G..
934 2859 1022 2888 write
1052 2857 1234 2889 ‘Caeliolo.’
1281 2857 1381 2886 Varro
1413 2855 1466 2895 (L.
1500 2855 1537 2884 L.
1569 2865 1598 2884 v.
1629 2853 1708 2891 46):

104 2908 180 2944 post
206 2904 261 2932 illo
295 2903 344 2939 E„
375 2903 546 2942 postulatio
576 2903 624 2932 M.
654 2903 705 2933 O.'
739 2902 888 2943 (Baiter).
935 2905 955 2919 “
968 2902 1018 2931 De
1059 2900 1215 2932 Caelianis
1257 2900 1310 2939 qui
1351 2909 1369 2928 a
1404 2898 1580 2937 suspicione
1621 2897 1712 2928 liberi

110 2947 140 2978 A
157 2950 164 2964 ‘
179 2946 350 2987 postulatio
364 2946 371 2960 '
397 2946 424 2976 is
450 2956 490 2976 an
514 2948 521 2962 ⁴
536 2946 672 2986 expiatio
686 2945 694 2959 '
711 2946 813 2976 which
836 2946 891 2975 the
934 2948 1051 2982 essent,
1067 2944 1229 2975 traductos
1250 2943 1283 2972 111
1299 2952 1371 2973 eum
1396 2942 1512 2979 locum,
1541 2940 1595 2981 qui
1621 2950 1711 2971 voca-

839 2989 980 3041 cg2
