2002 3235
758 200 892 243 OAP.
924 201 991 251 36,
1015 200 1083 243 37.
1635 204 1718 248 527

117 317 192 358 sed
216 316 267 366 vi,
289 330 428 367 manu,
450 317 575 357 ferro.
639 314 749 356 Nam
777 313 812 355 si
833 313 1126 355 obnuntiasset
1160 312 1358 354 Fabricio
1389 313 1424 354 is
1455 320 1626 369 praetor
1646 318 1717 372 qui

118 397 164 423 se
185 396 375 423 servasse
398 382 449 422 de
470 381 584 422 caelo
606 380 784 428 dixerat,
807 379 1042 434 accepisset
1063 393 1130 419 res
1150 378 1315 433 publica
1335 378 1514 433 plagam,
1538 381 1610 420 sed
1625 396 1717 422 eam

117 461 242 502 quam
262 452 481 502 acceptam
502 460 672 501 gemere
702 449 876 500 posset:
909 444 944 485 si
971 444 1283 485 intercessisset
1314 444 1472 498 collega
1506 444 1713 497 Fabricio,

117 511 308 553 laesisset
328 527 415 553 rem
437 512 656 568 publicam,
680 511 754 551 scd
788 509 897 565 [rem
917 509 1147 565 publicam]
1169 510 1263 564 jure
1284 509 1487 551 laesisset.
1551 510 1718 552 Gladia-

119 581 234 618 tores
255 582 303 618 tu
324 578 520 627 novicios,
543 592 618 632 pro
641 581 890 631 exspectata
921 576 1135 617 aedilitate
1158 574 1409 630 suppositos,
1433 589 1528 615 cum
1558 575 1718 617 sicariis

119 656 141 683 e
163 656 329 683 carcere
350 643 512 684 emissis
527 648 626 683 ante
642 643 776 683 lucem
790 641 995 682 immittas
1011 641 1024 681 ἓ
1054 640 1330 695 magistratus
1346 640 1503 695 templo
1521 641 1719 696 dejicias?

121 708 293 748 caedem
327 708 554 748 maximam
588 707 749 748 facias?
790 707 928 747 forum
963 707 1145 761 purges?
1176 710 1232 756 et,
1271 721 1400 761 quum
1436 706 1573 747 omnia
1604 706 1643 747 vi
1676 712 1718 748 et

119 772 248 813 armis
273 773 421 828 egeris,
459 787 631 814 accuses
664 787 758 813 eum
795 771 865 827 qui
893 786 937 812 se
971 771 1180 826 praesidio
1216 770 1427 821 munierit,
1468 786 1552 812 non
1592 777 1641 813 ut
1675 777 1719 814 te

120 842 395 893 oppugnaret,
421 838 492 878 sed
513 842 562 878 ut
583 837 712 878 vitam
733 851 853 877 suam
874 841 1018 891 posset
1038 835 1290 878 defendere?

179 903 446 943 XXXVII.
479 902 616 957 Atqui
637 916 689 942 ne
722 916 775 942 ex
798 916 846 942 eo
869 901 1034 955 quidem
1062 906 1252 956 tempore
1279 901 1321 941 id
1349 901 1438 956 egit
1471 902 1647 955 Sestius,
1671 910 1720 947 ut

118 982 144 1009 a
179 967 266 1008 suis
301 967 487 1008 munitus
508 972 605 1008 tuto
641 967 684 1006 in
718 966 809 1007 foro
845 965 1143 1020 magistratum
1174 971 1352 1020 gereret,
1389 981 1479 1007 rem
1512 969 1720 1022 publicam

119 1032 443 1073 administraret.
509 1032 659 1087 Itaque
684 1031 818 1072 fretus
846 1030 1078 1071 sanctitate
1110 1031 1362 1081 tribunatus,
1399 1046 1527 1086 quum
1559 1047 1603 1074 se
1636 1049 1720 1075 non

119 1098 244 1139 modo
272 1103 420 1139 contra
441 1097 522 1138 vim
545 1103 588 1138 et
609 1097 776 1152 ferrum,
806 1096 881 1137 sed
907 1096 1035 1137 etiam
1067 1101 1215 1137 contra
1235 1097 1362 1137 verba
1391 1100 1520 1151 atque
1551 1097 1721 1140 interfa-

120 1163 279 1204 tionem
303 1163 465 1218 legibus
495 1162 675 1203 sacratis
707 1176 798 1202 esse
834 1166 1044 1202 armatum
1077 1166 1260 1217 putaret,
1291 1161 1406 1202 venit
1441 1162 1482 1201 in
1518 1163 1720 1218 templum

123 1228 324 1278 Castoris,
349 1227 613 1268 obnuntiavit
641 1226 827 1268 consuli:
862 1241 990 1281 quum
1010 1226 1150 1268 subito
1184 1241 1332 1267 manus
1356 1226 1424 1266 illa
1457 1226 1657 1269 Clodiana
1678 1229 1720 1269 in

123 1294 252 1335 caede
283 1292 433 1333 civium
464 1307 587 1347 saepe
604 1293 692 1347 jam
720 1291 872 1332 victrix
903 1292 1123 1340 exclamat,
1147 1291 1359 1341 incitatur,
1394 1291 1579 1333 invadit:
1613 1293 1720 1335 iner-

122 1374 232 1400 mem
267 1363 395 1413 atque
422 1357 675 1412 imparatum
708 1356 922 1397 tribunum
958 1356 1028 1397 alii
1057 1356 1208 1411 gladiis
1237 1356 1497 1407 adoriuntur,
1522 1358 1589 1398 alii
1610 1359 1720 1415 frag-

122 1423 277 1465 mentis
309 1427 552 1478 saeptorum
592 1427 636 1464 et
675 1421 885 1463 fustibus:
933 1436 959 1462 a
999 1421 1151 1476 quibus
1192 1420 1258 1462 hic
1298 1421 1441 1462 multis
1482 1422 1721 1465 vulneribus

122 1488 308 1544 acceptis
328 1503 377 1529 ac
400 1488 620 1528 debilitato
641 1501 816 1542 corpore
839 1492 883 1528 et
903 1487 1195 1529 contrucidato
1217 1501 1261 1527 se
1282 1487 1438 1540 abjecit
1460 1489 1721 1531 exanimatus

122 1569 256 1609 neque
277 1553 360 1594 ulla
380 1553 461 1594 alia
481 1568 526 1594 re
547 1553 600 1593 ab
617 1567 662 1593 se
684 1557 863 1593 mortem
884 1552 963 1593 nisi
977 1552 1168 1607 opinione
1189 1552 1337 1593 mortis
1351 1553 1524 1607 depulit.
1588 1555 1722 1606 Quem

124 1635 251 1675 quum
268 1620 480 1674 jacentem
501 1623 545 1659 et
566 1618 780 1659 concisum
802 1617 990 1672 plurimis
1012 1618 1253 1658 vulneribus
1275 1622 1464 1659 extremo
1485 1620 1635 1674 spiritu
1652 1636 1722 1661 ex-

123 1699 325 1740 sanguem
346 1689 390 1725 et
411 1684 648 1724 confectum
669 1683 872 1731 viderent,
897 1682 1199 1737 defatigatione
1220 1683 1355 1737 magis
1372 1688 1415 1724 et
1437 1699 1575 1725 errore
1597 1700 1722 1740 quam

123 1748 409 1790 misericordia
429 1753 472 1790 et
493 1749 616 1789 modo
648 1748 873 1803 aliquando
909 1747 1083 1789 caedere
1117 1747 1386 1789 destiterunt.
1449 1748 1509 1790 Et
1531 1765 1723 1791 caussam

168 1903 196 1932 is
203 1904 339 1942 praetor
355 1903 409 1941 qui
433 1912 466 1932 se
484 1911 625 1932 servasse
646 1901 684 1931 cle
706 1902 792 1931 caelo
812 1901 902 1931 dixe-

125 1946 206 1985 rat,]
267 1946 306 1975 In
334 1944 382 1985 (l)
413 1945 509 1974 Halm
530 1945 670 1974 remarks
696 1945 767 1974 that
791 1944 855 1974 this
878 1945 903 1973 is

126 1989 181 2018 the
196 1988 326 2026 reading
349 1989 382 2017 of
396 1992 479 2017 most
495 1987 530 2017 of
542 1988 596 2017 the
614 1987 722 2023 MSS„
740 1988 795 2017 the
812 1992 819 2004 ⁶
832 1997 903 2026 pra-

949 1900 1080 1931 Clodius
1104 1910 1167 1930 was
1194 1900 1301 1930 aedilis
1328 1900 1361 1930 in
1391 1901 1446 1931 the
1467 1912 1540 1941 year
1566 1902 1646 1932 after
1669 1904 1724 1933 the

948 1943 1113 1974 turbulent
1128 1943 1235 1983 affiay,
1253 1944 1307 1973 the
1317 1954 1391 1984 year
1411 1945 1443 1973 in
1460 1945 1561 1974 which
1577 1946 1639 1976 this
1655 1956 1724 1976 ora-

947 1987 1016 2016 tion
1040 1997 1103 2016 was
1125 1987 1292 2022 delivered,
1319 1987 1381 2016 and
1405 1987 1460 2017 the
1486 1989 1599 2028 people
1622 1990 1724 2019 would

126 2032 205 2061 vitas
220 2031 227 2044 '
256 2031 292 2060 of
311 2031 413 2060 which
440 2030 570 2069 Madvig
596 2030 652 2060 has
675 2031 793 2069 proved
817 2040 904 2060 more

126 2074 204 2104 than
220 2073 355 2112 enough.
401 2073 531 2111 Madvig
553 2083 703 2112 proposes
731 2073 831 2103 either
857 2073 903 2102 ‘is

128 2117 182 2157 qui
198 2120 352 2146 servasset
367 2115 406 2145 de
418 2116 526 2151 caelo‚’
540 2126 575 2145 or
591 2116 633 2145 ‘is
650 2116 703 2154 qui
716 2126 751 2145 se
767 2126 904 2145 servasse

128 2160 166 2190 de
190 2160 274 2189 caelo
291 2158 429 2188 diceret.’
477 2158 515 2187 In
535 2157 582 2198 (2)
602 2158 699 2187 Halm
717 2159 834 2187 retains
850 2158 905 2188 the

127 2203 257 2241 reading
283 2202 385 2231 which
411 2201 542 2239 Madvig
569 2201 630 2230 had
654 2201 772 2239 proved
803 2205 836 2230 to
866 2201 906 2230 be

128 2256 246 2284 wrong.
291 2245 369 2274 This
393 2245 419 2274 is
451 2243 608 2282 Madvig's
638 2244 763 2273 remark
793 2253 833 2273 on
858 2243 907 2272 his

129 2288 285 2328 proposed
311 2287 458 2325 reading:
495 2286 638 2316 “Cicero
670 2286 754 2322 dicit,
782 2286 807 2315 si
838 2286 908 2325 quis

131 2330 305 2372 (neminem
332 2341 431 2360 unum
463 2330 626 2368 significat,
658 2339 731 2358 nam
762 2330 909 2358 isztalis

130 2373 261 2414 aliquis)
295 2374 412 2403 usitato
452 2376 483 2402 et
518 2373 657 2411 legitimo
690 2372 776 2411 (ante
806 2372 907 2410 legem

131 2416 285 2451 Clodiam,
306 2427 335 2446 v.
353 2426 448 2455 supra
466 2416 516 2451 15,
533 2415 603 2445 coll.
623 2415 702 2444 Phil.
727 2415 758 2444 ii.
776 2415 832 2453 32)
849 2415 908 2443 im-

131 2460 312 2499 pedimento
337 2459 534 2489 comitiorum
558 2468 634 2487 usus
657 2462 750 2492 esset,
782 2467 907 2495 gravem

132 2503 272 2532 futuram
288 2502 394 2537 fuisse,
412 2501 466 2531 sed
489 2501 685 2531 tolerabilem
707 2501 852 2539 plagam3
877 2500 909 2528 id

130 2545 392 2584 impedimentum
408 2544 524 2583 duplex
548 2547 624 2580 erat,
642 2547 678 2573 ut
693 2547 748 2573 aut
771 2546 909 2572 servaret

130 2588 242 2627 aliquis
253 2588 291 2617 de
301 2588 397 2622 caelo,
409 2587 492 2626 quod
504 2587 741 2625 magistratuum
754 2586 907 2624 majorum

131 2634 207 2666 erat,
224 2633 279 2659 aut
295 2630 550 2665 intercederetur,
569 2630 651 2669 quod
668 2628 905 2659 tribunorum.”

133 2673 229 2703 Halm
245 2672 386 2702 remarks
402 2673 471 2701 that
486 2676 543 2702 not
558 2673 632 2712 only
648 2672 703 2702 the
721 2675 728 2688 ⁴
743 2672 906 2710 magistra-

130 2719 182 2746 tus
199 2716 333 2754 majores
348 2714 354 2727 ’
372 2715 432 2744 had
454 2715 509 2743 the
533 2715 603 2753 ‘jus
628 2714 903 2751 obnu11tiationis‚'

130 2759 189 2788 but
204 2759 270 2787 also
287 2758 340 2786 the
353 2757 470 2787 tribuni
487 2757 528 2796 pl.
547 2757 588 2797 by
603 2758 658 2787 the
672 2758 737 2787 Lex
754 2757 854 2787 Aelia.

174 2811 241 2831 rem
262 2800 453 2839 publicam‚]
501 2800 570 2829 The
591 2801 760 2839 repetition
785 2800 820 2829 of
841 2800 903 2829 this

131 2844 215 2874 word
232 2843 328 2883 spoils
345 2843 398 2872 the
414 2846 571 2878 sentence,
588 2853 621 2872 as
637 2844 690 2873 the
706 2843 809 2873 critics
826 2843 904 2872 have

132 2886 295 2921 observed,
331 2885 380 2915 for
409 2885 464 2915 the
493 2886 672 2924 opposition
710 2886 736 2915 is
767 2886 910 2915 between

132 2930 293 2959 ‘laesisset
304 2928 312 2941 '
329 2928 392 2958 and
412 2929 497 2967 ‘jure
513 2928 878 2958 laesisset.'—‘novicios
890 2927 909 2957 :'

949 2034 1059 2069 expect
1074 2040 1093 2060 a
1109 2030 1195 2059 show
1211 2030 1247 2060 of
1255 2030 1425 2069 gladiators
1435 2030 1516 2060 from
1533 2031 1600 2061 him
1615 2033 1724 2071 (Mad—

948 2072 1024 2111 vig).

993 2116 1045 2150 37.
1071 2115 1328 2155 interfationem]
1359 2115 1406 2151 P„
1433 2116 1723 2148 ‘interfectionem'

951 2157 987 2188 G.
1036 2157 1189 2187 Garatoni
1213 2167 1374 2196 compares
1403 2159 1504 2198 Pliny,
1532 2159 1592 2199 Ep.
1617 2161 1637 2190 i.
1663 2163 1723 2192 23:

953 2203 974 2217 ‘¹
989 2200 1073 2239 quod
1089 2200 1230 2229 deforme
1245 2200 1418 2230 arbitrabar
1436 2224 1442 2230 .
1462 2223 1469 2230 .
1488 2224 1495 2230 .
1513 2212 1606 2241 quem
1628 2204 1725 2233 inter-

952 2243 1009 2272 fari
1022 2242 1108 2272 nefas
1119 2246 1211 2278 esset,
1226 2242 1310 2272 hunc
1321 2243 1416 2272 etiam
1429 2245 1568 2274 convicia
1579 2246 1725 2283 audire;’'

953 2285 1056 2315 where
1074 2285 1165 2324 Pliny
1180 2286 1205 2314 is
1222 2285 1399 2325 describing
1421 2287 1476 2316 the
1496 2291 1608 2318 nature
1624 2289 1660 2319 of
1671 2290 1726 2319 the

953 2327 1108 2358 tribune’s
1139 2328 1237 2357 office.
1288 2328 1419 2358 Ab1ami
1442 2340 1604 2369 compares
1629 2333 1724 2362 Dion.

956 2371 1029 2401 Hal.
1053 2371 1104 2399 vii.
1134 2371 1193 2405 17;
1219 2369 1394 2411 δημάρχου
1421 2371 1560 2412 γνώμην
1588 2374 1725 2414 ἀγορεύ-

956 2425 1054 2449 οντος
1070 2412 1104 2443 ἐν
1122 2411 1214 2452 δήμῳ
1231 2411 1344 2452 μηδεὶς
1368 2413 1490 2454 λεγέτω
1510 2415 1641 2456 μηδέν’
1631 2429 1727 2448 svai-

954 2458 1028 2486 τὶον
1043 2454 1122 2495 μηδὲ
1139 2455 1367 2494 μεσολαβειτω
1386 2458 1445 2487 τὸν
1462 2458 1577 2499 λόγον.

997 2498 1195 2537 saeptorum]
1238 2499 1307 2528 The
1323 2500 1612 2540 vioodensaepta⁷
1628 2512 1726 2532 orm

954 2541 1074 2571 closure
1105 2541 1140 2570 of
1162 2542 1216 2570 the
1244 2541 1358 2571 Forum
1388 2543 1531 2582 (Abram.
1537 2544 1560 2583 ).
1565 2545 1727 2574 -Sestius

953 2594 1015 2614 was
1032 2584 1124 2613 saved
1144 2583 1184 2623 by
1203 2584 1309 2613 Bestia
1333 2585 1468 2624 (Cicero,
1492 2586 1542 2616 Ad
1568 2588 1607 2619 Q.
1627 2588 1675 2616 Fr.
1694 2588 1725 2616 ii.

952 2628 1008 2667 3):
1036 2627 1224 2666 “incidique
1245 2627 1277 2655 in
1297 2637 1368 2656 cum
1394 2628 1498 2658 locum
1524 2630 1555 2658 in
1583 2630 1725 2665 dicendo,

953 2680 1051 2709 quum
1087 2670 1207 2699 Sestius
1238 2670 1345 2699 multis
1375 2671 1407 2699 in
1438 2672 1557 2709 templo
1588 2672 1727 2702 Castoris

949 2713 1132 2742 vulneribus
1162 2712 1297 2750 acceptis
1328 2712 1467 2742 subsidio
1500 2714 1625 2743 Bestiae
1662 2725 1726 2744 ser-

949 2760 1040 2785 vatus
1071 2755 1150 2784 est'’
1183 2755 1375 2794 (Garatoni).
1427 2755 1536 2785 Cicero
1568 2757 1665 2795 spokc
1694 2758 1731 2787 of

949 2799 1013 2829 this
1030 2802 1145 2828 matter
1161 2808 1201 2827 on
1218 2798 1271 2827 the
1293 2798 1363 2827 trial
1387 2797 1423 2826 of
1444 2798 1550 2828 Bestia
1573 2800 1620 2828 for
1638 2803 1726 2829 ‘am-

949 2841 1058 2877 bitus,'
1075 2841 1176 2870 which
1200 2841 1270 2869 trial
1295 2841 1369 2869 took
1394 2840 1481 2879 place
1503 2851 1536 2870 A.
1561 2851 1592 2871 n.
1616 2852 1657 2872 111
1677 2843 1726 2873 Id.

957 2884 1060 2920 Febr„
1078 2884 1183 2913 before
1199 2883 1269 2912 that
1285 2883 1320 2912 of
1334 2883 1464 2920 Sestius,
1481 2884 1551 2914 who
1567 2895 1629 2915 was
1645 2886 1726 2915 tried

955 2928 987 2957 in
1003 2927 1058 2958 the
1074 2927 1143 2957 first
1158 2926 1227 2956 half
1239 2926 1275 2956 of
1287 2926 1409 2956 March.
