2063 3242
282 155 365 195 264
585 153 764 195 ORAT.
797 153 918 195 PRO
954 153 1002 195 L.
1027 152 1306 194 VALERIO
1341 151 1581 193 FLACCO

281 267 461 323 requiro,
500 283 625 323 quam
661 268 881 324 pecuniam
913 282 938 308 a
969 282 1014 309 se
1041 267 1227 309 ablatam
1249 271 1492 323 queruntur,
1523 279 1695 306 suamne
1727 264 1881 313 dicant,

283 333 362 373 sibi
383 348 408 374 a
429 333 670 375 civitatibus
692 333 888 374 collatam
910 332 951 372 in
973 347 1094 373 usum
1116 347 1251 374 suum.
1313 332 1446 387 Cupio
1474 330 1802 378 audire—Non,
1825 328 1886 369 in-

283 398 385 453 quit,
425 398 788 450 dicimus—Quid
821 398 950 452 igitur
967 397 1239 438 3—Delatam
1272 398 1325 438 ad
1346 412 1435 448 nos,
1467 396 1669 437 creditam
1691 394 1812 436 nobis
1836 393 1886 434 L.

285 463 429 504 Flacci
459 464 592 519 patris
624 464 802 513 nomine,
826 463 879 503 ad
901 462 992 516 ejus
1015 462 1104 502 dies
1125 462 1255 503 festos
1281 468 1408 517 atque
1439 460 1747 511 ludos—Quid
1769 460 1889 501 tum?

282 529 469 571 —Hanc
490 534 545 578 te,
569 528 717 583 inquit,
750 542 900 582 capere
922 542 1006 567 non
1027 527 1251 568 licum—J
1255 542 1323 567 am
1345 527 1386 567 id
1408 527 1550 567 videro
1568 544 1575 567 :
1613 526 1687 566 sed
1708 525 1888 580 primum

283 594 384 635 illud
417 595 599 641 tenebo3
635 593 825 649 queritur
859 592 1011 648 gravis,
1047 591 1245 647 locuples,
1281 597 1432 633 ornata
1464 591 1624 640 civitas,
1661 590 1770 644 quod
1803 603 1888 629 non

285 659 438 701 retinet
467 659 672 701 alienum:
707 658 931 713 spoliatam
966 671 1010 697 se
1043 656 1158 706 dicit,
1183 657 1294 711 quod
1325 657 1367 696 id
1398 671 1481 696 non
1512 656 1640 696 habet
1665 654 1776 709 quod
1797 654 1888 708 ejus

284 740 368 766 non
388 725 480 766 fuit.
545 724 653 777 Quid
684 724 763 764 hoc
795 722 1080 778 impudentius
1106 721 1186 763 dici
1217 726 1291 763 aut
1312 721 1414 776 fingi
1435 722 1604 776 potest?
1664 720 1888 761 Delectum

285 795 350 831 est
372 790 580 845 oppidum,
604 804 684 844 quo
708 789 749 829 in
772 788 925 844 oppido
948 802 1030 828 uno
1053 787 1230 842 pecunia
1250 802 1275 828 a
1297 792 1390 828 tota
1412 786 1518 827 Asia
1548 786 1601 826 ad
1632 785 1813 826 honores
1837 784 1886 826 L.

287 855 431 896 Flacci
464 860 703 911 poneretur.
766 854 886 894 Haec
924 853 1100 908 pecunia
1133 858 1227 894 tota
1254 853 1306 893 ab
1334 852 1562 893 honoribus
1586 851 1793 892 translata
1821 854 1889 890 est

284 920 326 960 in
360 926 581 976 quaestum
621 924 663 960 et
702 918 1045 966 foenerationem,
1078 923 1328 972 recuperata
1361 922 1428 959 est
1460 915 1603 958 multis
1630 920 1729 971 post
1756 916 1889 956 annis.

288 985 403 1037 Quae
426 985 586 1026 civitati
616 985 730 1026 facta
761 990 826 1026 est
854 984 1031 1039 injuria?
1075 982 1390 1024 XXIV—At
1420 982 1595 1023 moleste
1620 982 1702 1022 fert
1724 980 1888 1021 civitas.

284 1050 496 1092 —Credo.
560 1050 765 1091 Avulsum
796 1055 862 1090 est
893 1049 1003 1090 enim
1033 1053 1201 1104 praeter
1231 1063 1348 1103 spem
1371 1048 1482 1103 quod
1511 1053 1602 1089 erat
1623 1062 1696 1102 spe
1719 1047 1890 1087 devora-

286 1121 378 1157 tum
410 1116 712 1157 lucruni.—At
744 1114 1283 1170 queritur.—Impudenter
1317 1113 1448 1161 facit;
1495 1127 1579 1153 non
1610 1112 1719 1152 enim
1751 1111 1891 1152 onmia

286 1196 393 1237 quae
415 1182 615 1231 dolemus,
640 1181 787 1221 eadem
809 1180 925 1235 queri
943 1180 1037 1234 jure
1059 1179 1422 1234 possumus—At
1448 1182 1620 1219 accusat
1641 1176 1777 1217 verbis
1798 1192 1892 1231 gra-

286 1245 639 1287 vissimis—Non
662 1245 822 1294 civitas,
846 1245 919 1285 sed
940 1244 1121 1299 imperiti
1143 1243 1345 1293 homines,
1365 1258 1389 1283 a
1406 1242 1655 1284 Maeandrio
1673 1241 1889 1283 concitati.

289 1312 381 1363 Quo
403 1311 494 1351 loco
515 1311 643 1351 etiam
664 1314 792 1364 atque
808 1310 938 1350 etiam
954 1309 1081 1351 facite
1098 1314 1147 1350 ut
1163 1308 1452 1357 recordemini,
1472 1323 1577 1363 quae
1598 1309 1653 1348 sit
1674 1307 1892 1348 temeritas

286 1375 579 1423 multitudinis,
603 1389 709 1430 quae
730 1374 879 1415 levitas
900 1373 1068 1429 propria
1091 1373 1362 1423 Graecorum,
1386 1373 1484 1427 quid
1506 1373 1547 1412 in
1569 1372 1764 1413 contione
1786 1372 1893 1413 sedi-

286 1442 397 1483 tiosa
418 1441 554 1481 valeat
587 1439 734 1481 oratio.
797 1439 896 1487 Hic,
929 1440 970 1479 in
1003 1439 1080 1480 hac
1108 1438 1355 1493 gravissima
1376 1445 1420 1479 et
1441 1438 1777 1478 moderatissima
1798 1437 1894 1478 civi-

287 1513 388 1558 tate,
428 1521 555 1562 quum
589 1511 656 1546 est
687 1506 825 1545 forum
860 1505 1027 1560 plenum
1059 1504 1325 1558 judiciorum,
1358 1504 1524 1559 plenum
1554 1503 1893 1558 magistratuum,

286 1573 456 1628 plenum
477 1571 732 1626 optimorum
753 1570 936 1611 virorum
967 1576 1011 1612 et
1039 1570 1202 1620 civium,
1228 1585 1355 1624 quum
1377 1568 1617 1624 speculatur
1637 1573 1763 1623 atque
1785 1568 1895 1608 obsi-

290 1640 363 1679 det
398 1642 536 1678 rostra
572 1636 723 1677 vindex
762 1636 1017 1677 temeritatis
1058 1639 1102 1676 et
1141 1635 1398 1676 moderatrix
1436 1634 1558 1674 officii
1594 1633 1721 1682 curia,
1753 1637 1895 1674 tamen

289 1709 470 1758 quantos
491 1703 646 1743 fluctus
668 1701 844 1743 excitari
867 1701 1110 1742 contionum
1132 1700 1314 1741 videtis?
1376 1700 1484 1751 Quid
1505 1714 1578 1739 vos
1598 1699 1688 1739 fieri
1713 1698 1896 1739 censetis

291 1769 525 1810 Trallibus?
586 1769 658 1807 An
689 1768 730 1808 id
761 1768 873 1822 quod
897 1766 1124 1821 Pergami?
1186 1766 1278 1806 Nisi
1303 1766 1412 1806 forte
1434 1766 1511 1806 hae
1534 1765 1728 1806 civitates
1749 1764 1895 1805 existi·-

291 1834 396 1875 mari
418 1834 562 1874 volunt
582 1833 745 1874 facilius
775 1847 858 1873 una
888 1847 933 1872 se
964 1832 1144 1886 epistola
1168 1831 1434 1872 Mithridatis
1466 1829 1623 1871 moveri
1660 1829 1895 1884 impellique

292 1899 493 1955 potuisse,
536 1903 585 1939 ut
617 1898 845 1939 amicitiam
881 1897 1024 1952 populi
1067 1896 1260 1945 Romani,
1297 1897 1424 1936 fidem
1456 1911 1586 1946 suam,
1625 1896 1722 1950 jura
1758 1895 1896 1935 onmia

293 1964 419 2005 officii
439 1964 796 2019 humanitatisque
819 1962 1022 2003 violarent
1038 1977 1162 2017 quam
1183 1968 1231 2002 ut
1252 1962 1382 2002 filium
1404 1960 1646 2003 testimonio
1667 1961 1893 2010 laederent,

295 2031 417 2084 cujus
437 2034 601 2084 patrem
622 2029 750 2070 armis
771 2028 1009 2084 pellendum
1030 2043 1055 2068 a
1077 2027 1162 2068 suis
1178 2027 1397 2068 moenibus
1419 2027 1693 2068 censuissent.
1757 2026 1896 2078 Quare

294 2095 424 2136 nolite
452 2094 552 2135 mihi
584 2094 667 2136 ista
699 2094 867 2134 nomina
893 2093 1114 2134 civitatum
1141 2092 1341 2133 nobilium
1366 2107 1588 2148 opponere.
1650 2091 1765 2143 Quos
1787 2091 1897 2132 enim

295 2161 439 2201 hostes
460 2160 562 2200 haec
579 2159 735 2200 familia
751 2158 1017 2213 contempsit,
1036 2173 1261 2213 numquam
1279 2159 1447 2199 eosdem
1462 2162 1594 2199 testes
1610 2157 1897 2212 pertimescet.

299 2225 434 2265 Vobis
465 2229 608 2265 autem
644 2230 708 2265 est
741 2224 1037 2274 confitendum,
1072 2223 1105 2264 si
1137 2223 1321 2264 consiliis
1351 2223 1583 2278 principum
1605 2227 1769 2262 vestrae
1801 2221 1896 2262 civi-

297 2295 410 2331 tates
431 2294 646 2344 reguntur,
670 2305 753 2330 non
774 2289 1057 2331 multitudinis
1077 2289 1329 2338 temeritate,
1354 2289 1427 2329 sed
1449 2287 1702 2342 optimatum
1725 2287 1897 2328 consilio

298 2355 451 2396 bellum
483 2354 535 2393 ab
569 2354 662 2394 istis
695 2354 937 2395 civitatibus
969 2369 1064 2394 cum
1099 2354 1251 2408 populo
1286 2353 1476 2393 Romano
1504 2367 1596 2393 esse
1626 2357 1893 2407 susceptum:

299 2420 363 2461 sin
384 2419 450 2459 ille
471 2423 562 2459 tum
591 2423 732 2459 motus
763 2428 829 2460 est
860 2419 1100 2461 temeritate
1131 2418 1420 2472 imperitorum
1451 2417 1672 2466 excitatus,
1705 2417 1897 2472 patimini

343 2543 395 2573 24.
421 2541 618 2580 contionum]
647 2543 654 2557 ⁴
666 2541 697 2570 in
715 2541 883 2577 contione,’
897 2542 940 2577 S„
958 2541 1076 2572 Baiter.
1121 2541 1169 2571 for
1184 2541 1239 2570 the
1255 2541 1324 2569 first
1346 2540 1423 2569 time
1438 2540 1513 2569 with
1537 2539 1573 2570 C.
1592 2539 1713 2570 Marius
1732 2549 1796 2572 B.C.
1817 2541 1896 2575 1003

301 2589 353 2608 ——‘
367 2595 430 2615 una
461 2594 493 2613 se
524 2584 687 2623 epistola:y
724 2584 909 2622 Pergamum
935 2594 996 2613 was
1023 2585 1077 2613 the
1121 2584 1182 2613 and
1200 2584 1238 2613 lie
1253 2593 1315 2612 was
1332 2583 1386 2612 the
1410 2583 1569 2621 colleaguc
1585 2583 1620 2612 of
1635 2584 1736 2613 Cinna
1758 2593 1822 2613 13.c.
1845 2585 1896 2618 86,

300 2629 541 2667 head-quarters
566 2626 601 2655 of
625 2627 711 2665 King
735 2626 936 2656 Mithridates
964 2627 1077 2665 during
1121 2627 1199 2656 after
1219 2625 1350 2655 Marius'
1375 2626 1479 2655 death.
1528 2626 1657 2655 Flaccus
1674 2630 1757 2656 went
1772 2630 1805 2655 to
1821 2626 1898 2655 Asia

301 2672 350 2701 his
377 2670 562 2709 occupation
588 2670 622 2699 of
646 2669 700 2698 the
724 2669 848 2698 Roman
871 2670 1019 2708 province
1046 2670 1081 2698 of
1121 2669 1223 2698 attho
1250 2668 1329 2698 head
1353 2668 1387 2697 of
1406 2679 1446 2697 an
1469 2679 1557 2707 army
1574 2672 1606 2698 to
1623 2679 1741 2708 opposc
1768 2668 1896 2698 Mithri-

302 2715 388 2744 Asia.
433 2713 501 2742 The
513 2723 573 2742 one
588 2712 681 2742 letter
696 2712 721 2740 is
738 2712 792 2741 the
808 2712 938 2741 circular
954 2716 1024 2741 sent
1036 2712 1077 2750 by
1122 2712 1219 2741 (lates.
1269 2711 1319 2740 Hc
1336 2721 1396 2740 was
1420 2712 1586 2741 murdered
1602 2716 1634 2742 at
1650 2712 1835 2741 Nicomedia
1856 2711 1898 2750 by

301 2756 505 2787 Mithridates
520 2759 553 2785 to
570 2755 623 2785 the
641 2755 759 2785 Asiatic
772 2758 878 2789 states,
896 2754 997 2783 which
1015 2765 1076 2784 was
1122 2754 1169 2783 his
1185 2764 1254 2783 own
1281 2757 1287 2770 ‘
1302 2754 1441 2793 legatus’
1462 2755 1609 2784 Fimbria.
1657 2755 1785 2784 Flaccus
1800 2754 1825 2783 is
1842 2754 1897 2783 the

301 2800 356 2829 the
378 2799 477 2838 signal
493 2798 540 2828 for
562 2799 616 2828 the
639 2808 792 2827 massacre
815 2797 849 2826 of
869 2797 923 2826 the
945 2797 1075 2826 Italians
1120 2807 1193 2826 man
1216 2797 1285 2826 who
1313 2798 1428 2827 carried
1461 2798 1514 2827 the
1540 2798 1606 2827 Lex
1633 2798 1768 2831 Valeria,
1794 2796 1897 2825 which

302 2843 334 2872 in
351 2843 436 2872 Asia.
484 2841 568 2880 (Vol.
587 2841 632 2870 ΙΙ.
651 2841 699 2870 Dc
716 2841 798 2880 Imp.
816 2840 874 2869 Cn.
894 2840 1020 2879 Pomp.)
1119 2839 1145 2869 is
1176 2840 1357 2871 mentioned
1380 2841 1412 2870 in
1435 2841 1490 2871 the
1513 2841 1635 2871 oration
1662 2841 1722 2870 Pro
1751 2839 1896 2875 Fonteio,

346 2886 437 2924 cujus
446 2884 592 2924 patrem]
624 2883 762 2914 Flaccus'
776 2883 877 2913 father
891 2892 954 2913 was
966 2883 1075 2913 consul
1120 2892 1146 2912 c.
1168 2884 1194 2912 1.
