2002 3235
727 207 861 250 GAP.
896 208 1077 249 11—13.
1607 210 1689 250 493

87 324 220 367 victor
241 323 484 365 habuisset:
521 325 706 364 “errare
736 321 938 371 homines,
972 320 1007 362 si
1034 320 1160 362 etiam
1197 323 1289 360 tum
1320 323 1514 361 senatum
1535 320 1691 375 aliquid

87 390 129 430 in
158 404 203 430 re
233 389 401 444 publica
431 402 553 443 posse
584 387 921 435 arbim-arentum
957 385 1119 441 equites
1141 399 1237 426 vero
1271 385 1486 426 Romanos
1517 385 1691 426 daturos

85 454 195 495 illius
221 454 302 495 diei
333 468 500 509 poenas,
524 467 604 508 quo
635 467 702 493 me
733 451 905 493 consule
934 466 1030 492 cum
1061 450 1213 505 gladiis
1244 449 1286 490 in
1317 449 1421 490 clivo
1455 449 1690 504 Capitolino

85 519 291 567 fuissent3
336 519 501 560 venisse
533 523 701 573 tempus
737 517 788 558 iis
821 517 892 572 qui
934 517 976 557 in
1009 516 1160 557 timore
1196 515 1693 568 fuissent,-—conjuratos

85 585 280 626 videlicet
316 583 789 634 dicebat,—-ulciscendi
822 583 908 623 se.''
971 582 1015 623 Si
1048 582 1226 622 dixisset
1258 581 1361 621 haec
1397 580 1544 628 solum,
1579 579 1692 620 omni

86 651 291 706 supplicio
323 655 436 692 esset
472 650 648 705 dignus3
683 664 781 690 nam
803 648 939 690 oratio
970 649 1063 704 ipsa
1084 647 1266 689 consulis
1293 645 1530 702 perniciosa
1550 650 1693 701 potest

84 731 175 758 rem
211 716 418 771 publicam
449 715 730 756 labefactare:
767 715 864 769 quid
903 714 1050 755 fecerit
1084 713 1237 753 videte.
1302 711 1350 752 L.
1390 710 1592 759 Lamiam,
1622 711 1693 766 qui

86 796 213 836 quum
234 795 301 821 me
323 780 461 835 ipsum
482 794 557 835 pro
579 794 742 820 summa
763 778 1063 828 familiaritate,
1091 792 1196 833 quae
1217 776 1319 817 mihi
1343 791 1439 817 cum
1460 781 1579 831 patre
1601 777 1693 831 ejus

85 851 189 895 erat,
213 846 334 887 unice
352 845 567 900 diligebat,
592 850 683 886 tum
705 859 779 899 pro
801 859 845 884 re
868 844 1034 899 publica
1047 843 1111 884 vel
1131 847 1312 883 mortem
1334 847 1533 897 oppetere
1554 842 1692 897 cupie-

84 912 171 960 bat,
196 911 237 950 in
259 910 453 951 contione
481 909 684 964 relegavit
715 909 944 963 edixitque,
969 914 1018 949 ut
1048 908 1101 949 ab
1131 908 1232 948 urbe
1263 907 1433 947 abesset
1464 907 1577 947 milia
1597 922 1692 962 pas-

85 990 206 1017 suum
229 976 421 1025 ducenta,
447 975 559 1029 quod
588 979 702 1015 esset
728 988 856 1014 ausus
884 988 960 1029 pro
987 973 1080 1022 civi,
1104 987 1179 1028 pro
1201 973 1306 1013 bene
1328 972 1480 1013 merito
1503 972 1592 1023 ci'vi,
1617 987 1691 1027 pro

83 1041 232 1090 amico,
256 1055 330 1096 pro
353 1055 397 1081 re
419 1039 585 1095 publica
607 1039 836 1094 deprecari.

144 1106 285 1147 XIII.
320 1105 429 1158 Quid
456 1105 536 1145 hoc
569 1103 736 1145 homine
764 1103 923 1144 facias?
953 1107 1029 1144 aut
1050 1117 1132 1158 quo
1155 1102 1287 1144 civem
1309 1102 1596 1158 importunum
1617 1107 1692 1144 aut

85 1186 167 1227 quo
206 1171 348 1226 potius
388 1171 555 1211 hostem
597 1175 686 1211 tam
728 1168 982 1209 sceleratum
1022 1169 1237 1209 reserves?
1283 1168 1365 1223 qui,
1409 1174 1458 1210 ut
1498 1168 1692 1209 omittam

86 1243 240 1285 cetera,
264 1251 370 1292 quae
387 1241 485 1277 sunt
507 1235 543 1276 ei
558 1250 652 1276 cum
674 1234 835 1288 collega
856 1233 1026 1274 immani
1048 1233 1295 1288 impuroque
1313 1234 1543 1288 conjuncta
1563 1239 1691 1288 atque

85 1302 333 1351 communia,
361 1301 440 1342 hoc
462 1316 589 1341 unum
612 1301 740 1341 habet
762 1299 989 1354 proprium,
1014 1303 1063 1339 ut
1084 1313 1135 1338 ex
1156 1299 1259 1339 urbe
1291 1299 1509 1354 expulerit,
1532 1298 1691 1352 relega-

84 1367 154 1417 rit,
177 1382 259 1408 non
289 1366 382 1407 dico
411 1366 594 1421 equitem
619 1365 867 1414 Romanum,
890 1378 974 1404 non
1003 1363 1315 1404 ornatissimum
1337 1367 1466 1418 atque
1488 1362 1692 1418 optimum

84 1432 231 1482 virum,
256 1447 338 1472 non
369 1430 666 1472 amicissimum
699 1429 757 1470 rei
794 1428 987 1484 publicae
1010 1428 1154 1478 civem,
1179 1443 1263 1468 non
1294 1428 1363 1469 illo
1389 1428 1479 1483 ipso
1501 1433 1691 1483 tempore

85 1513 169 1538 una
190 1512 285 1538 cum
307 1502 456 1538 senatu
478 1502 522 1537 et
554 1511 649 1536 cum
671 1495 792 1536 bonis
814 1493 1008 1534 omnibus
1029 1508 1173 1534 casum
1191 1494 1312 1534 amici
1335 1494 1477 1548 reique
1499 1494 1691 1548 publicae

84 1564 312 1617 lugentem,
336 1563 409 1603 sed
436 1561 565 1603 civem
589 1562 828 1601 Romanum
849 1560 937 1600 sine
959 1559 1043 1599 ullo
1067 1559 1227 1613 judicio
1249 1564 1298 1600 ut
1320 1559 1457 1599 edicto
1480 1574 1532 1599 ex
1554 1559 1691 1614 patria

86 1628 233 1669 consul
265 1627 451 1682 ejecerit.
528 1626 643 1666 Nihil
679 1625 872 1666 acerbius
903 1624 1004 1665 socii
1037 1629 1080 1664 et
1115 1623 1255 1664 Latini
1291 1624 1399 1664 ferre
1440 1624 1556 1665 soliti
1591 1630 1690 1665 sunt

129 1736 218 1765 illius
245 1734 326 1773 diei]
377 1734 497 1764 Gellius
526 1732 584 1773 (iX.
614 1731 667 1772 14)
696 1742 766 1772 says
796 1732 867 1761 that

87 1778 196 1809 Cicero
213 1778 244 1808 in
261 1778 324 1807 this
341 1787 472 1817 passage
488 1780 587 1806 wrote
609 1779 616 1792 ‘
628 1776 694 1806 dies
707 1775 714 1788 ⁷
731 1775 793 1805 and
811 1779 867 1805 not

87 1824 94 1838 ⁴
109 1820 203 1851 diei?
229 1824 248 1838 “
263 1821 446 1851 Ciceronem
474 1829 601 1859 quoque
626 1819 763 1848 affirmat
787 1818 865 1848 Cae-

86 1865 191 1894 sellius
207 1865 239 1894 in
257 1864 397 1893 oratione
414 1873 509 1903 quarn
532 1873 590 1902 pro
608 1862 642 1891 P.
661 1862 763 1892 Sestio
780 1861 864 1897 fecit,

86 1908 153 1937 dies
178 1908 339 1946 scripsisse
361 1916 417 1945 pro
437 1906 521 1935 diei.-
548 1905 632 1945 quod
649 1915 706 1944 ego
723 1905 867 1944 impensa

85 1960 182 1990 opera
207 1950 391 1989 conquisitis
416 1948 573 1978 veteribus
600 1948 687 1978 libris
714 1948 865 1988 plusculis

85 1993 140 2029 ita,
157 1996 194 2023 ut
210 1992 381 2023 Caesellius
398 1992 484 2025 dicit,
501 1992 653 2031 scriptum
669 1990 810 2020 inveni.''

130 2037 163 2065 in
189 2037 269 2066 clivo
301 2035 497 2074 Capitolino]
552 2035 610 2064 See
638 2034 695 2064 the
725 2037 802 2064 note
831 2033 864 2063 in

86 2078 216 2118 chapter
233 2079 267 2108 ll
281 2088 323 2107 on
337 2082 343 2094 ‘
354 2076 568 2107 Concordiae.⁷
590 2077 659 2106 The
670 2080 676 2093 ‘
688 2077 771 2106 illius
784 2077 845 2106 diei
856 2076 863 2090 ’

85 2122 112 2152 is
134 2122 187 2151 the
212 2121 282 2160 day,
307 2121 362 2150 the
386 2120 499 2149 Nonae
523 2119 715 2149 Decembres
740 2119 865 2159 (Quum

87 2164 229 2200 Senatui,
247 2174 272 2193 6.
291 2165 321 2199 5,
339 2163 401 2192 and
416 2163 471 2192 the
486 2162 604 2203 notes).

129 2207 305 2237 ulciscendi
327 2205 386 2244 sen]
437 2204 640 2235 ‘Ulciscendi
664 2203 734 2241 sui‚’
767 2204 865 2234 Halm

87 2249 100 2291 (
124 2250 282 2331 {lixissefl
333 2291 408 2321 “Et
437 2291 620 2321 notabiliter
650 2289 754 2319 media
777 2289 864 2319 verbi

85 2339 176 2376 parte
192 2335 353 2365 subtracta
368 2345 433 2364 non
449 2334 593 2373 implevit
609 2332 756 2362 omnibus
769 2333 863 2371 sylla-

87 2380 135 2409 bis
162 2379 308 2413 clioez'sset,
337 2378 391 2407 sed
423 2376 546 2407 dioeet’'
571 2375 721 2417 (SchoL).
770 2376 865 2405 Klotz

86 2423 142 2452 has
158 2421 307 2461 accepted
324 2424 330 2437 ‘
343 2420 452 2450 dixet.’

130 2466 170 2495 L.
184 2464 331 2503 L›amz'a,]
380 2464 450 2493 The
473 2465 559 2502 story
581 2462 607 2491 is
630 2461 697 2491 told
720 2461 762 2501 by
780 2461 865 2491 Dion

87 2508 225 2543 Cassius,
251 2509 303 2538 38.
328 2517 354 2536 6.
375 2507 433 2542 16;
458 2506 497 2535 In
517 2506 621 2535 Pison.
646 2516 673 2534 c.
691 2506 743 2540 27.
769 2504 864 2534 Com-

85 2561 161 2591 pare
178 2551 285 2583 Quum
304 2550 444 2585 Senatui,
462 2558 489 2578 c.
507 2551 538 2579 5.

131 2595 210 2623 milei
227 2602 298 2622 cum
310 2592 423 2631 patre]
463 2594 471 2608 ⁴
486 2592 563 2621 mihi
587 2601 659 2621 cum
681 2591 777 2620 fratre
793 2600 864 2619 cum

87 2636 195 2676 patre'
221 2636 267 2671 P.,
300 2638 391 2665 ‘cum
418 2635 514 2665 fratre
538 2635 616 2664 mihi
642 2634 691 2664 vel
718 2643 865 2672 compare

87 2690 159 2710 cum
176 2678 286 2708 fratre'
305 2678 356 2713 G.,
377 2681 384 2694 ‘
400 2678 475 2707 mihi
492 2688 563 2707 cum
585 2676 697 2717 patre,’
715 2676 861 2715 Madvig3

89 2726 97 2740 ⁴
110 2722 186 2752 mihi
207 2721 294 2760 [cum
310 2721 420 2760 fratre]
438 2730 507 2749 cum
525 2719 637 2759 patre‚’
656 2720 750 2749 Halm
769 2718 830 2758 (2).

135 2766 183 2795 13.
214 2764 299 2799 Quid
314 2764 373 2793 lzoc
387 2764 630 2801 hominesue-ias
641 2763 672 2802 .7]
702 2763 760 2792 See
773 2763 863 2792 Verr.

86 2808 119 2838 ii.
149 2809 175 2837 l.
198 2817 224 2836 c.
249 2808 307 2842 16;
331 2806 435 2835 where
459 2806 547 2835 there
571 2806 597 2835 is
621 2806 676 2835 the
701 2816 787 2835 same
812 2815 864 2835 ex-

86 2851 249 2891 pression3
273 2859 298 2878 6.
316 2850 368 2884 35,
396 2852 414 2865 “
428 2848 503 2888 quid
520 2848 573 2878 illo
591 2858 784 2888 myoparone
801 2848 864 2878 fac-

86 2899 155 2924 tum
173 2893 213 2922 sit
223 2892 254 2928 ;”
279 2891 341 2921 and
357 2892 388 2920 ii.
406 2894 434 2921 2.
452 2901 478 2920 6.
500 2892 548 2921 16.

130 2939 186 2966 aut
198 2934 393 2975 quopotius]
421 2934 490 2964 The
501 2934 598 2964 MSS.
608 2934 748 2974 reading,
762 2934 864 2964 which

913 1731 1009 1761 Halm
1029 1729 1077 1771 (l)
1100 1730 1225 1769 rejects,
1251 1729 1309 1759 but
1336 1729 1368 1759 in
1394 1730 1442 1760 his
1469 1730 1549 1759 later
1571 1730 1691 1760 edition

910 1777 1046 1813 accepts.
1095 1774 1133 1803 In
1152 1773 1201 1812 (l)
1219 1773 1258 1802 he
1275 1773 1331 1802 has
1347 1783 1365 1802 a
1378 1776 1453 1802 note
1468 1776 1502 1802 to
1518 1773 1604 1803 show
1620 1774 1692 1803 that

911 1817 966 1847 the
992 1816 1109 1846 second
1137 1815 1239 1856 ‘quo'
1267 1816 1293 1845 is
1318 1819 1374 1845 not
1398 1816 1540 1852 wanted;
1566 1816 1624 1846 but
1650 1817 1691 1846 he

910 1859 1091 1889 afterwards
1109 1858 1158 1899 (2)
1176 1859 1289 1898 adopts
1305 1858 1430 1888 Klotz’s
1445 1859 1574 1898 opinion
1588 1859 1691 1889 which

911 1903 950 1933 he
976 1903 1037 1932 had
1061 1903 1209 1941 rejected.
1258 1903 1354 1932 Klotz
1372 1912 1535 1941 compares
1552 1902 1640 1932 Verr.
1657 1903 1690 1932 ii.

911 1947 941 1976 3.
968 1957 994 1976 c.
1025 1947 1083 1981 75:
1116 1945 1242 1978 “Quae
1267 1948 1315 1975 est
1339 1955 1414 1984 ergo
1442 1946 1504 1974 ista
1529 1946 1609 1975 ratio
1636 1948 1691 1975 aut

910 2000 990 2028 quae
1006 1989 1113 2028 potius
1130 1989 1191 2018 ista
1206 1988 1345 2018 amentia
1357 1988 1392 2017 ?'’
1417 1988 1478 2017 and
1495 1998 1583 2018 some
1599 1989 1690 2018 other

909 2042 1064 2071 passages
1104 2033 1149 2061 As
1166 2032 1220 2061 the
1236 2032 1304 2061 first
1321 2034 1328 2047 ⁴
1340 2035 1394 2060 aut
1405 2031 1413 2044 '
1430 2031 1569 2070 replaces
1587 2034 1594 2047 ¹
1605 2032 1690 2064 Quid

911 2075 971 2105 hoc
992 2075 1121 2104 homine
1136 2074 1230 2104 facias
1241 2074 1259 2110 ;⁷
1284 2084 1318 2104 so
1333 2074 1388 2103 the
1405 2074 1521 2104 second
1537 2077 1544 2091 ‘
1556 2078 1612 2104 aut
1627 2084 1690 2114 quo

910 2118 1041 2157 potius,’
1060 2121 1116 2147 &a
1142 2117 1282 2156 replaces
1302 2120 1309 2134 ⁴
1324 2127 1387 2156 quo
1409 2117 1508 2146 civem
1533 2117 1689 2157 importu-

910 2160 1010 2190 num.’

954 2202 1137 2241 releyarit‚]
1185 2202 1270 2232 Fest.
1292 2213 1323 2241 p.
1341 2203 1414 2237 278,
1432 2202 1565 2232 Μ11611.;
1592 2206 1611 2220 “
1625 2204 1688 2233 Re-

909 2246 1004 2284 legati
1031 2245 1179 2275 dicuntur
1201 2245 1338 2284 proprie,
1361 2245 1475 2284 quibus
1499 2246 1689 2284 ignominiae

908 2292 964 2318 aut
980 2298 1099 2328 poenae
1115 2298 1207 2317 causa
1230 2297 1357 2317 necesse
1373 2292 1420 2317 est
1436 2288 1475 2317 ab
1491 2288 1569 2318 urbe
1586 2289 1689 2319 Roma

907 2332 1008 2360 aliove
1025 2340 1087 2370 quo
1111 2331 1179 2360 loco
1203 2330 1311 2360 abesse
1333 2331 1402 2369 lege
1420 2332 1597 2361 senatuisve
1613 2342 1687 2362 con-

911 2375 995 2404 sulto
1026 2377 1081 2403 aut
1115 2374 1217 2403 edicto
1254 2374 1479 2412 magistratuis,
1518 2378 1554 2404 ut
1592 2376 1687 2405 etiam

912 2417 1021 2447 Aelius
1035 2417 1143 2446 Gallus
1159 2415 1309 2445 indicat.’'
1355 2416 1385 2446 A
1397 2417 1506 2446 consul
1522 2418 1615 2447 could
1631 2421 1688 2447 not

911 2460 997 2489 drive
1020 2460 1150 2489 citizens
1173 2459 1254 2488 from
1273 2459 1395 2495 Rome;
1419 2459 1477 2489 but
1500 2464 1552 2499 yet
1569 2471 1614 2491 we
1634 2470 1687 2491 are

909 2503 977 2532 told
994 2502 1064 2532 that
1080 2503 1105 2531 it
1120 2512 1183 2531 was
1200 2502 1281 2531 done
1297 2505 1329 2531 at
1345 2502 1408 2532 this
1424 2503 1512 2533 time.

944 2546 1072 2584 jndicio
1101 2548 1136 2574 ut
1162 2544 1282 2583 edicto]
1334 2545 1419 2575 ‘Aut
1442 2545 1561 2575 edicto’
1583 2546 1608 2575 is
1631 2545 1687 2575 the

909 2589 1038 2627 reading
1054 2588 1089 2617 of
1100 2587 1155 2616 the
1171 2587 1242 2616 best
1259 2587 1374 2623 MSS.;
1399 2587 1457 2617 but
1475 2598 1536 2618 one
1557 2589 1614 2617 has
1632 2591 1639 2604 ‘
1651 2592 1687 2618 ut

910 2630 1035 2667 edict0,’
1060 2630 1161 2659 which
1186 2630 1334 2659 confirms
1358 2630 1472 2660 Bake's
1496 2631 1685 2669 conjecture,

909 2675 971 2704 and
986 2675 1013 2704 is
1030 2674 1165 2713 perhaps
1182 2673 1235 2702 the
1248 2676 1318 2702 true
1334 2673 1474 2711 reading.
1508 2674 1686 2710 Manutius,

909 2717 1053 2747 followed
1076 2716 1117 2755 by
1140 2716 1303 2751 Garatoni,
1329 2716 1485 2754 proposed
1511 2716 1595 2745 ‘sine
1622 2716 1686 2745 ullo

907 2761 1036 2800 judicio,
1068 2758 1193 2789 edicto?
1240 2758 1273 2787 If
1293 2768 1338 2787 we
1369 2758 1409 2787 do
1441 2761 1497 2787 not
1526 2758 1600 2787 read
1632 2762 1639 2774 ‘
1651 2762 1687 2788 ut

910 2804 1023 2839 edicto,
1056 2813 1101 2832 we
1132 2804 1217 2831 must
1248 2811 1335 2830 erase
1362 2801 1416 2830 the
1444 2803 1451 2817 ⁴
1463 2800 1536 2830 aut’
1570 2801 1606 2830 of
1631 2801 1687 2831 the

910 2847 1005 2877 MSS.
1054 2845 1204 2876 Garatoni
1227 2854 1390 2883 compares
1414 2854 1440 2873 6.
1458 2846 1517 2874 24ε
1547 2845 1687 2884 “expul-

909 2900 960 2919 sos
977 2890 1044 2919 sine
1057 2888 1185 2927 judicio,
1203 2887 1242 2919 vi.
1259 2887 1425 2926 lapidibus,
1442 2885 1558 2916 ferro.”

951 2934 1030 2963 socii
1046 2935 1076 2962 et
1092 2930 1222 2969 Latini]
1260 2930 1374 2960 Before
1389 2930 1444 2959 the
1459 2932 1640 2960 enactment
1654 2930 1691 2960 of
