2002 3235
852 153 987 195 GAP.
1019 154 1056 202 6,
1093 155 1129 197 7.
1711 160 1790 199 103

185 281 326 308 comes
347 271 413 308 est
434 272 624 309 extrema
644 266 830 308 saltatio.
892 266 958 307 Tu
988 267 1090 308 mihi
1119 266 1270 323 arripis
1292 267 1371 308 hoc
1393 268 1504 322 quod
1526 283 1698 310 necesse
1724 275 1790 312 est

186 332 370 373 omnium
391 332 588 374 vitiorum
611 347 702 374 esse
724 337 1008 388 postremum:
1033 333 1232 388 relinquis
1253 333 1323 373 illa
1345 333 1494 388 quibus
1516 334 1689 375 remotis
1711 335 1789 376 hoc

185 397 335 439 vitium
375 398 543 439 omnino
584 413 677 439 esse
718 413 801 438 non
843 403 998 453 potest.
1062 399 1232 440 Nullum
1268 404 1391 454 turpe
1427 399 1673 448 convivium,
1708 415 1790 441 non

184 478 313 513 amor,
356 479 440 504 non
481 463 732 513 comissatio,
776 478 859 504 non
895 464 1036 513 libido,
1078 480 1162 505 non
1197 469 1391 519 sumptus
1427 464 1693 512 ostenditur;
1747 471 1790 507 et

186 543 313 584 quum
335 543 384 569 ea
414 544 497 569 non
524 530 798 584 reperiantur,
833 544 939 584 quae
961 530 1190 586 voluptatis
1220 544 1372 571 nomen
1406 530 1576 579 habent,
1602 544 1789 585 quaeque

184 594 337 635 vitiosa
369 604 480 643 sunt,
515 594 557 634 in
587 609 669 650 quo
701 594 832 649 ipsam
864 595 1068 635 luxuriam
1099 595 1281 650 reperire
1312 609 1396 635 non
1427 599 1561 649 potes,
1596 594 1638 634 in
1667 610 1716 635 eo
1747 600 1791 636 te

184 661 377 700 umbram
397 660 585 701 luxuriae
607 665 871 715 reperturum
894 661 1046 715 putas?
1108 660 1222 700 Nihil
1251 661 1380 715 igitur
1401 660 1443 700 in
1465 660 1595 701 vitam
1619 660 1667 701 L.
1693 661 1789 701 Mu-

185 739 309 765 renae
332 725 411 765 dici
433 727 605 780 potest?
637 725 750 775 nihil,
775 726 956 781 inquam,
977 725 1156 774 omnino,
1177 725 1356 780 judices.
1421 725 1489 766 Sic
1511 740 1536 765 a
1557 740 1623 766 me
1646 726 1791 766 consul

186 790 431 845 designatus
453 791 694 831 defenditur
714 795 761 832 ut
782 792 874 845 ejus
895 791 1008 831 nulla
1033 791 1159 841 fraus,
1190 791 1303 832 nulla
1330 791 1521 838 avaritia,
1557 791 1668 831 nulla
1699 806 1790 845 per-

185 855 294 906 fidia,
325 856 436 896 nulla
467 856 706 906 crudelitas,
740 856 899 896 nullum
930 857 1124 911 petulans
1155 856 1316 897 dictum
1347 856 1389 896 in
1419 855 1508 896 vita
1537 856 1789 910 proferatur.

186 920 302 962 Bene
333 921 490 963 habet:
532 923 651 976 jacta
681 926 781 962 sunt
811 921 1085 964 fundamenta
1116 921 1383 963 defensionis.
1446 920 1645 962 Nondum
1680 920 1790 961 enim

185 986 341 1027 nostris
361 986 562 1037 laudibus,
587 986 738 1041 quibus
768 990 865 1026 utar
895 992 1057 1041 postea,
1093 987 1167 1027 sed
1193 1001 1323 1042 prope
1345 986 1608 1027 inimicorum
1631 986 1790 1027 confes-

185 1051 302 1092 sione
334 1051 469 1092 virum
502 1053 657 1092 bonum
692 1057 819 1107 atque
852 1051 1065 1107 integrum
1099 1052 1309 1093 hominem
1343 1051 1615 1093 defendimus.
1679 1051 1788 1093 VII.

188 1117 280 1169 Quo
303 1117 550 1167 constituto,
575 1117 737 1158 facilior
758 1122 824 1158 est
844 1117 945 1157 mihi
967 1117 1108 1158 aditus
1129 1118 1183 1159 ad
1204 1118 1518 1160 contentionem
1539 1117 1759 1174 dignitatis
1777 1134 1785 1159 :

186 1198 290 1238 quae
312 1198 409 1239 pars
430 1184 564 1225 altera
585 1184 666 1225 fuit
687 1184 980 1225 accusationis.

245 1248 460 1290 Summam
482 1249 602 1291 video
624 1264 715 1291 esse
737 1250 778 1290 in
808 1255 865 1300 te,
899 1249 1016 1290 Servi
1045 1249 1214 1305 Sulpici,
1248 1249 1497 1304 dignitatem
1517 1249 1695 1304 generis,
1729 1249 1789 1289 in-

185 1314 412 1368 tegritatis,
446 1315 679 1356 industriae
710 1321 1029 1370 ceterorumque
1052 1321 1391 1356 ornamentorum
1414 1315 1611 1364 omnium,
1637 1314 1788 1369 quibus

184 1380 340 1421 fretum
370 1381 424 1421 ad
458 1382 701 1422 consulatus
723 1382 971 1436 petitionem
992 1381 1164 1436 aggredi
1187 1396 1261 1436 par
1282 1386 1362 1422 est.
1424 1381 1551 1422 Paria
1574 1395 1786 1436 cognosco

185 1460 277 1487 esse
299 1446 381 1487 ista
398 1447 439 1487 in
465 1446 512 1488 L.
535 1447 729 1496 Murena,
753 1452 880 1502 atque
903 1447 963 1488 ita
985 1447 1100 1501 paria
1121 1451 1169 1488 ut
1190 1461 1324 1502 neque
1346 1446 1434 1501 ipse
1455 1446 1663 1501 dignitate
1680 1446 1788 1487 vinci

184 1512 383 1567 potuerit,
418 1527 552 1567 neque
584 1517 628 1553 te
662 1512 867 1567 dignitate
898 1512 1123 1567 superarit.
1186 1511 1487 1567 Contempsisti
1513 1512 1559 1552 L.
1579 1512 1787 1552 Murenae

183 1593 341 1633 genus:
376 1578 565 1619 extulisti
587 1582 720 1619 tuum.
784 1578 875 1629 Quo
907 1579 999 1619 loco
1026 1578 1061 1618 si
1091 1577 1168 1619 tibi
1200 1578 1278 1618 hoc
1302 1577 1443 1627 sumis,
1468 1577 1547 1618 nisi
1569 1577 1638 1632 qui
1660 1577 1788 1632 patri-

183 1643 272 1684 cius
306 1644 373 1693 sit,
404 1643 613 1684 neminem
637 1644 747 1684 bono
776 1658 868 1684 esse
897 1658 1050 1697 genere
1072 1648 1231 1692 natum,
1267 1643 1372 1683 facis
1403 1648 1451 1684 ut
1481 1657 1623 1683 rursus
1644 1643 1788 1698 plebes

184 1708 226 1749 in
249 1708 507 1750 Aventinum
530 1709 764 1750 sevocanda
786 1723 878 1749 esse
900 1709 1105 1749 videatur.
1169 1708 1241 1748 Sin
1264 1714 1407 1748 autem
1428 1713 1527 1748 sunt
1548 1708 1712 1763 amplae
1743 1712 1788 1750 et

183 1774 386 1816 honestae
407 1775 588 1816 familiae
610 1774 795 1829 plebeiae
813 1792 823 1821 3
860 1779 904 1815 et
925 1789 1106 1829 proavus
1131 1773 1179 1815 L.
1206 1773 1413 1814 Murenae
1434 1779 1476 1813 et
1498 1788 1598 1814 avus
1621 1777 1789 1828 praetor

182 1840 274 1890 fuit,
303 1845 346 1881 et
380 1848 514 1896 pater,
551 1855 678 1895 quum
714 1839 969 1894 amplissime
1010 1844 1137 1894 atque
1170 1838 1467 1879 honestissime
1505 1853 1556 1879 ex
1589 1842 1789 1892 praetura

183 1905 500 1960 triumphasset,
536 1906 615 1946 hoc
651 1905 877 1946 faciliorem
911 1905 1007 1945 huic
1039 1905 1217 1960 gradum
1250 1904 1495 1945 consulatus
1528 1903 1787 1958 adipiscendi

185 1972 365 2026 reliquit,
401 1972 512 2026 quod
540 1971 575 2012 is
604 1971 693 2026 jam
726 1970 839 2026 patri
874 1970 1042 2012 debitus
1077 1985 1102 2011 a
1134 1969 1218 2010 filio
1260 1970 1499 2025 petebatur.
1561 1968 1654 2011 Tua
1689 1983 1787 2011 vero

183 2117 317 2146 tandum
333 2119 392 2153 est,
414 2120 446 2146 et
468 2116 658 2156 tempestiva
679 2116 789 2155 reponi
813 2116 962 2146 debere.''

183 2160 253 2190 The
268 2160 395 2189 learned
413 2160 610 2190 Frenchman
627 2169 727 2189 seems
743 2163 777 2189 to
794 2159 832 2189 be
847 2159 941 2198 right.

232 2204 279 2233 Tu
296 2203 392 2242 mihi]
420 2203 577 2243 Compare
593 2202 632 2232 In
658 2202 727 2233 Cat.
747 2202 778 2232 ii.
796 2212 822 2231 c.
840 2204 870 2238 5,
888 2205 963 2231 note

184 2256 225 2276 on
243 2250 249 2263 ‘
264 2247 317 2286 qui
335 2245 435 2276 mihi!

227 2291 372 2319 umbram
400 2289 566 2329 luxuriae]
593 2289 671 2318 This
695 2289 721 2318 is
747 2288 802 2318 the
828 2288 963 2327 dancing

183 2333 285 2362 which
313 2333 434 2362 follows
458 2332 513 2361 the
537 2332 657 2371 revelry
674 2342 707 2361 as
731 2342 749 2361 a
775 2332 901 2361 shadow
922 2331 962 2361 its

183 2376 361 2406 substance.
400 2376 452 2406 An
468 2375 632 2405 uninvited
648 2378 739 2414 guest
755 2375 824 2404 who
840 2384 961 2404 accom-

182 2419 297 2458 panied
313 2429 352 2448 an
364 2418 483 2448 invited
496 2422 587 2456 guest
599 2428 686 2448 came
699 2428 732 2447 as
744 2418 793 2448 his
807 2417 960 2447 ‘umbraz’

183 2465 202 2479 “
216 2462 303 2492 locus
326 2466 374 2492 est
397 2465 429 2492 et
454 2461 598 2501 pluribus
625 2461 746 2491 umbris
761 2460 781 2474 ''
809 2461 962 2501 (Horace,

182 2504 244 2544 Ep.
262 2506 282 2534 i.
299 2508 329 2535 5.
347 2516 376 2534 v.
393 2505 516 2545 28).—‘
532 2505 583 2534 Sic
598 2515 616 2534 a
634 2507 765 2534 me—ut
777 2504 797 2533 :’
822 2514 867 2533 we
884 2504 963 2533 have

181 2557 224 2577 no
241 2549 423 2587 expression
439 2549 501 2578 like
517 2548 581 2578 this
597 2558 653 2578 use
668 2547 702 2577 of
718 2546 883 2583 ί31(1--11ῖ,’
900 2547 963 2576 and

183 2591 348 2621 ‘ita—ut!
393 2591 463 2620 The
493 2591 641 2630 meaning
667 2591 693 2621 is
719 2591 794 2626 this,
823 2590 882 2620 and
909 2590 963 2619 the

181 2634 370 2663 translation
386 2637 458 2663 too:
485 2637 503 2651 “
519 2634 534 2664 Ι
552 2634 630 2663 have
646 2638 678 2664 to
695 2634 809 2663 defend
830 2644 848 2662 a
865 2636 872 2649 ‘
885 2643 960 2662 con-

183 2676 233 2706 sul
278 2677 482 2715 designatus,'
521 2678 644 2716 against
687 2677 790 2706 whom
836 2676 962 2705 neither

182 2719 284 2755 fraud,
302 2729 359 2748 nor
382 2720 513 2755 avarice,
538 2730 595 2749 nor
618 2720 793 2759 treachery,
818 2730 876 2749 nor
892 2730 961 2748 cru-

183 2762 260 2801 elty‚
284 2772 343 2791 nor
366 2773 384 2791 a
407 2763 507 2801 single
531 2773 626 2802 saucy
641 2763 727 2792 word
743 2763 776 2792 in
792 2763 846 2792 the
862 2763 962 2791 whole

185 2815 297 2834 course
306 2805 348 2841 Qf
360 2805 408 2834 1113
423 2806 476 2834 life
491 2806 517 2835 is
532 2805 728 2845 produced.''

231 2848 407 2887 laudibus-Q
433 2848 537 2878 These
552 2858 604 2878 are
620 2849 675 2878 the
692 2853 699 2866 ‘
713 2848 910 2878 laudationes
922 2847 929 2860 '
947 2848 962 2877 I

187 2900 324 2929 suppose
348 2890 383 2919 of
406 2891 461 2920 the
484 2891 700 2921 ‘laudatores'
725 2891 810 2931 (Vol.
830 2892 856 2921 Ι.
873 2891 963 2921 Verr.

1007 2116 1040 2146 ii.
1065 2118 1095 2146 5.
1121 2125 1147 2146 c.
1173 2114 1240 2155 ⁴22),
1264 2115 1499 2148 unlessEicero
1522 2123 1631 2144 means
1652 2114 1700 2143 his
1716 2123 1787 2143 own

1007 2160 1109 2198 praise
1125 2159 1161 2188 of
1174 2158 1319 2188 Murena.

1052 2204 1082 2237 7.
1119 2202 1187 2237 Quo
1220 2201 1303 2240 loco]
1361 2203 1368 2217 ⁴
1384 2199 1508 2230 Locus'
1539 2200 1637 2230 refers
1666 2203 1699 2230 to
1731 2199 1787 2229 the

1008 2248 1155 2274 sentence
1173 2247 1180 2260 ⁴
1193 2243 1579 2283 Contempsisti——tuum.’

1052 2287 1161 2317 Cicero
1192 2287 1311 2316 alludes
1342 2291 1374 2316 to
1404 2286 1460 2316 the
1490 2286 1647 2316 secession
1674 2286 1710 2316 of
1732 2286 1788 2315 the

1008 2330 1119 2360 Plebes
1135 2330 1237 2359 which
1261 2329 1420 2368 produced
1436 2329 1490 2359 the
1506 2330 1644 2359 creation
1660 2329 1696 2359 of
1716 2329 1786 2358 Tri-

1007 2373 1084 2403 buni
1102 2373 1216 2403 Plebis.
1244 2373 1334 2412 They
1349 2372 1463 2402 retired
1478 2373 1511 2402 in
1528 2376 1678 2402 “sacrum
1695 2381 1786 2401 mon-

1006 2420 1083 2452 tem,
1115 2420 1202 2446 trans
1231 2416 1387 2445 Anienem
1413 2425 1538 2445 amnem
1564 2416 1624 2445 tria
1644 2415 1683 2445 ab
1709 2414 1787 2444 urbe

1008 2460 1106 2489 millia
1132 2469 1305 2499 passuum:
1341 2468 1377 2488 ea
1403 2458 1598 2498 frequentior
1623 2459 1709 2488 fama
1738 2460 1786 2487 est

1008 2513 1103 2542 quam
1131 2503 1220 2541 cujus
1238 2502 1309 2531 Piso
1331 2504 1441 2531 auctor
1463 2504 1512 2531 est
1534 2502 1567 2531 in
1590 2501 1786 2531 Aventinum

1008 2546 1216 2576 secessionem
1232 2544 1347 2574 factam
1363 2554 1432 2574 esse
1445 2544 1465 2558 ’'
1485 2543 1589 2584 (Livy,
1607 2544 1638 2573 ii.
1656 2543 1723 2582 32).

1046 2591 1262 2628 proavus—et
1278 2587 1370 2626 avus]
1396 2587 1465 2617 The
1481 2591 1568 2626 great
1584 2585 1787 2626 grandfather

1006 2632 1041 2661 of
1062 2632 1198 2661 Murena
1221 2640 1283 2659 was
1308 2630 1477 2668 ‘praetor‚'
1504 2630 1566 2659 and
1591 2630 1639 2658 his
1669 2628 1784 2667 grand-

1006 2675 1128 2710 father3
1152 2674 1211 2703 but
1238 2673 1292 2702 the
1314 2683 1404 2711 years
1427 2673 1463 2701 of
1482 2673 1564 2701 their
1587 2671 1785 2711 praetorship

1006 2728 1059 2748 are
1074 2721 1130 2746 not
1146 2715 1348 2746 ascertained.
1395 2715 1464 2744 The
1480 2715 1581 2744 father
1599 2724 1659 2743 was
1677 2717 1782 2752 ‘prae-

1006 2761 1070 2791 tor’
1088 2759 1241 2800 probably
1257 2760 1290 2788 iu
1313 2768 1377 2787 13.c.
1395 2759 1447 2792 87.
1501 2758 1559 2786 His
1576 2767 1631 2786 son
1649 2756 1787 2785 Murena

1007 2815 1069 2834 was
1092 2804 1148 2833 the
1171 2804 1239 2832 first
1255 2802 1290 2831 of
1307 2801 1355 2830 1113
1376 2800 1483 2839 family
1500 2800 1570 2829 who
1586 2809 1648 2829 was
1664 2799 1784 2828 consul.

1010 2847 1138 2878 Instead
1159 2846 1194 2875 of
1208 2848 1353 2884 ‘praetor
1373 2843 1452 2873 fuit'
1476 2843 1566 2873 there
1581 2842 1607 2872 is
1624 2853 1642 2872 a
1656 2842 1788 2881 reading

1010 2894 1018 2908 ⁴
1030 2894 1188 2931 praetores
1205 2887 1354 2918 fuci-unt.y
