2002 3235
724 201 859 243 CAP.
894 202 1017 242 1—3.
1593 205 1676 249 477

72 327 207 368 neque
241 313 376 355 officio
411 313 677 369 conjunctior
714 315 832 355 dolor
864 315 973 356 ullus
1007 330 1101 356 esse
1137 319 1281 370 potest
1317 330 1441 370 quam
1470 317 1537 358 hic
1558 333 1676 360 meus

72 383 295 433 susceptus
318 394 369 420 ex
390 379 569 420 hominis
591 380 641 420 de
663 394 728 420 me
750 380 908 435 optime
925 380 1064 422 meriti
1085 380 1282 435 periculo,
1307 396 1440 436 neque
1461 382 1676 424 iracundia

74 443 210 498 magis
231 444 314 484 ulla
336 443 545 484 laudanda
568 449 633 486 est
654 459 777 499 quam
799 460 849 486 ea
870 460 975 500 quae
997 461 1062 486 me
1084 445 1316 486 inflammat
1338 461 1482 487 eorum
1504 448 1673 498 scelere,

74 508 143 564 qui
161 524 254 549 cum
277 509 470 549 omnibus
491 524 609 550 meae
641 510 790 551 salutis
822 511 1110 552 defensoribus
1132 511 1284 551 bellum
1315 526 1406 552 esse
1428 512 1505 552 sibi
1527 528 1674 567 geren-

74 574 175 613 dum
190 574 502 628 judicaverunt.
565 574 646 616 Sed
671 575 865 630 quoniam
889 576 1064 631 singulis
1086 576 1329 617 criminibus
1350 577 1479 618 ceteri
1505 592 1675 632 respon-

74 639 238 689 derunt,
278 640 414 680 dicam
445 654 523 695 ego
559 641 610 681 de
642 641 755 681 omni
793 646 907 682 statu
934 641 984 683 P.
1020 642 1164 690 Sestii,
1200 643 1250 683 de
1280 658 1434 698 genere
1469 643 1592 694 vitae,
1624 645 1676 685 de

73 710 238 754 natura,
262 705 312 745 de
334 705 532 755 moribus,
568 706 619 747 de
648 706 880 746 incredibili
902 721 1045 748 amore
1081 707 1123 747 in
1159 709 1304 757 bonos,
1338 708 1388 749 de
1416 709 1556 749 studio
1579 724 1676 750 con—

73 771 302 811 servandae
338 771 486 812 salutis
518 772 749 812 communis
779 778 907 827 atque
943 773 1029 823 otii,
1055 774 1400 829 contendamque,
1425 775 1461 815 si
1488 775 1612 815 modo
1634 775 1676 815 id

73 835 273 890 consequi
294 841 455 890 potero,
480 842 528 878 ut
549 837 590 876 in
621 837 698 877 hac
732 838 906 878 confusa
927 843 1054 893 atque
1090 838 1283 879 universa
1312 840 1553 880 defensione
1574 840 1676 881 nihil

73 914 98 940 a
132 915 211 951 me,
247 902 358 955 quod
392 902 445 941 ad
478 906 662 942 vestram
693 902 996 956 quaestionem,
1035 903 1137 943 nihil
1172 905 1282 958 quod
1319 905 1372 944 ad
1406 920 1535 955 reum,
1573 906 1676 946 nihil

74 965 185 1020 quod
206 966 259 1006 ad
282 981 369 1006 rem
401 966 609 1020 publicam
632 967 845 1022 pertineat
867 968 1212 1022 praetermissum
1234 984 1325 1010 esse
1348 969 1550 1012 videatur.
1615 971 1676 1012 Et

73 1030 270 1085 quoniam
292 1030 331 1070 in
355 1031 612 1086 gravissimis
634 1032 896 1087 temporibus
925 1033 1110 1074 civitatis
1130 1039 1258 1088 atque
1286 1034 1327 1074 in
1349 1035 1479 1075 ruinis
1507 1050 1675 1077 eversae

71 1100 199 1149 atque
219 1096 400 1137 afflictae
436 1097 496 1137 rei
533 1097 722 1151 publicae
756 1097 805 1139 P.
833 1097 959 1138 Sestii
982 1098 1222 1139 tribunatus
1256 1104 1321 1141 est
1346 1115 1371 1140 a
1392 1100 1562 1142 fortuna
1584 1101 1676 1156 ipsa

72 1161 312 1211 collocatus,
346 1176 430 1202 non
465 1162 690 1217 aggrediar
719 1164 773 1203 ad
805 1163 873 1203 illa
904 1163 1086 1204 maxima
1116 1169 1244 1219 atque
1275 1165 1532 1220 amplissima
1562 1166 1675 1221 prius

74 1241 201 1281 quam
223 1227 417 1276 docuero,
441 1228 594 1283 quibus
624 1228 754 1269 initiis
775 1243 823 1269 ac
844 1228 1129 1271 fundamentis
1149 1230 1227 1270 hae
1260 1235 1407 1272 tantae
1437 1231 1611 1272 summis
1632 1232 1674 1272 in

72 1292 201 1333 rebus
221 1293 367 1333 laudes
388 1294 599 1334 excitatae
620 1294 720 1335 sint.

134 1357 222 1399 III.
257 1357 442 1399 Parente
466 1358 515 1399 P.
542 1358 708 1399 Sestius
740 1363 866 1399 natus
895 1363 972 1409 est,
1003 1360 1179 1414 judices,
1203 1361 1381 1411 homine,
1415 1367 1463 1404 ut
1488 1362 1673 1417 plerique

73 1423 338 1472 meministis,
376 1428 420 1464 et
455 1423 647 1478 sapiente
683 1432 726 1464 et
758 1429 905 1465 sancto
939 1430 980 1465 et
1017 1440 1185 1466 severo:
1222 1426 1290 1480 qui
1318 1442 1447 1482 quum
1480 1428 1672 1469 tribunus

72 1488 130 1543 pl.
166 1488 326 1543 primus
363 1488 473 1529 inter
505 1488 694 1529 homines
727 1489 1008 1530 nobilissimos
1040 1491 1303 1546 temporibus
1335 1492 1504 1546 optimis
1533 1493 1672 1534 factus

117 1596 210 1626 dolor
221 1596 322 1636 ullus]
351 1596 386 1626 P.
401 1596 439 1626 G.
453 1596 532 1626 have
545 1598 553 1612 ⁴
563 1595 679 1626 ullius.'
705 1599 712 1613 ⁴
727 1596 833 1627 Ullius
843 1596 851 1608 ‘

73 1639 107 1669 in
123 1640 211 1679 place
228 1639 263 1668 of
276 1643 283 1656 ⁴
299 1640 484 1679 cujusquam
500 1639 507 1652 '
524 1639 627 1669 would
639 1643 696 1669 not
710 1640 749 1669 do
766 1640 851 1676 here,

73 1692 107 1712 as
123 1683 254 1722 Madvig
276 1683 429 1712 remarks.
476 1682 540 1712 But
565 1682 674 1711 ‘dolor
697 1683 800 1712 ullus'
825 1683 851 1713 is

72 1726 128 1755 the
153 1735 268 1765 proper
291 1726 474 1765 expression
498 1730 532 1755 to
556 1725 649 1755 make
672 1736 690 1755 a
711 1730 851 1756 contrast

75 1769 150 1798 with
180 1769 246 1798 ‘hic
273 1768 385 1798 meus'
432 1768 543 1798 Cicero
572 1769 753 1798 afterwards
781 1779 851 1808 says

74 1815 82 1829 ‘
96 1812 258 1842 iracundia
281 1812 382 1851 magis
405 1811 501 1848 ulla3'
526 1811 588 1841 and
611 1821 646 1841 so
663 1812 704 1851 by
721 1812 851 1851 looking

74 1855 223 1895 caresully
239 1859 271 1885 to
288 1855 342 1884 the
359 1855 506 1893 meaning
529 1864 576 1884 we
592 1855 699 1884 obtain
717 1855 851 1885 indirect

73 1898 223 1928 evidence
238 1898 308 1928 that
325 1898 429 1927 ‘dolor
441 1898 524 1928 ullus
536 1897 543 1910 ’
561 1898 586 1928 is
603 1898 657 1928 the
673 1901 743 1928 true
758 1898 848 1928 read-

72 1951 104 1971 1n
130 1964 137 1970 .

107 1952 250 2022 geonfusa
267 1986 362 2023 atque
377 1983 541 2022 universa]
581 1986 588 2000 ⁴
603 1984 758 2014 Universa
770 1983 777 1996 '
795 1994 848 2014 ex-

73 2027 177 2066 plains
209 2025 379 2056 ‘confusa'
420 2027 601 2065 (complete,
641 2027 849 2066 comprehen-

73 2070 152 2109 sive)
165 2081 172 2106 ;
190 2070 251 2098 and
264 2069 342 2099 both
359 2070 460 2098 words
471 2079 524 2098 are
536 2069 702 2108 explained
715 2070 755 2109 by
765 2071 850 2100 what

75 2112 115 2142 he
139 2113 195 2142 has
223 2112 299 2142 said.
328 2112 428 2141 Orelli
449 2122 611 2150 compares
627 2112 721 2142 Tusc.
747 2113 768 2142 i.
790 2114 847 2143 ll:

75 2155 265 2194 “Cuperem
289 2154 434 2194 equidem
463 2158 643 2193 utrumque,
672 2155 698 2184 si
722 2159 848 2194 posset:

74 2198 130 2228 sed
154 2202 201 2228 est
224 2198 347 2227 difficile
364 2196 589 2233 confuudere‚’'
606 2200 639 2226 to
655 2197 747 2236 bring
762 2198 850 2227 them

74 2242 230 2280 together.
293 2241 388 2270 Halm
427 2240 504 2269 cites
544 2240 593 2269 De
630 2240 687 2270 Or.
726 2241 757 2269 ii.
788 2242 824 2271 41
842 2253 847 2270 :

75 2287 226 2324 “puncta
249 2287 509 2322 argumentorum
531 2283 718 2322 plerumque
741 2286 776 2312 ut
799 2293 850 2312 oc-

74 2327 171 2362 611165,
189 2337 229 2357 116
242 2328 311 2366 quis
328 2336 364 2355 ea
380 2336 544 2355 numerare
560 2326 670 2364 possit,
688 2329 722 2355 ut
738 2336 771 2354 re
787 2326 850 2355 dis-

74 2371 271 2409 tinguantur,
289 2369 390 2399 verbis
406 2369 537 2398 confusa
552 2378 619 2398 6556
636 2368 836 2398 videantur.''

119 2415 152 2443 in
163 2414 267 2442 ruinis
278 2415 503 2451 eversaeatque
511 2412 663 2451 afflictae]
682 2414 700 2428 ‘⁴
710 2412 741 2441 It
748 2411 850 2441 would

73 2455 114 2485 be
144 2466 231 2485 more
261 2455 434 2484 consistent
465 2455 541 2483 with
573 2464 666 2493 usage
701 2458 734 2484 to
765 2455 852 2484 write

74 2496 227 2528 ⁴afflictae
252 2502 346 2538 atque
372 2497 527 2533 eversae;'
553 2497 611 2526 but
628 2497 724 2531 Bake,
751 2508 779 2537 p.
798 2500 849 2533 53,

74 2542 198 2580 acutely
223 2541 369 2570 observes
394 2541 465 2570 that
492 2540 602 2570 Cicero
629 2541 661 2569 in
688 2540 752 2569 ’(1115
779 2550 850 2579 pas-

73 2595 148 2623 sage
178 2584 320 2613 deserted
356 2584 410 2612 the
447 2584 538 2613 usual
575 2583 676 2618 order,
715 2583 849 2612 because

76 2631 83 2644 ⁴
96 2626 241 2656 eversae’
259 2626 350 2656 could
367 2626 406 2655 be
422 2627 566 2666 properly
584 2627 756 2656 connected
774 2627 848 2655 with

75 2669 209 2699 ‘minis'
240 2669 302 2698 and
345 2668 519 2698 ‘afflictae’
558 2669 650 2698 could
688 2674 763 2706 not;
802 2670 850 2698 for

75 2722 207 2750 zeugma
237 2714 379 2750 operates
406 2712 437 2740 in
463 2712 539 2741 such
566 2722 652 2741 cases
682 2712 746 2741 also
778 2711 850 2752 (but

76 2756 101 2784 it
130 2756 156 2784 is
183 2754 288 2783 rather
314 2754 368 2783 the
398 2755 497 2792 figure
526 2754 763 2793 hysterologia).
811 2755 850 2784 In

75 2798 132 2827 the
162 2807 246 2826 same
278 2807 343 2835 way
373 2797 516 2826 however
546 2798 585 2827 he
615 2808 695 2836 says,
730 2798 789 2827 Pro
816 2798 849 2827 S.

82 2841 175 2870 Rosc.
194 2840 300 2869 Amer.
318 2850 344 2869 6.
362 2840 416 2869 12:
447 2844 454 2856 ⁴
468 2843 504 2869 ut
519 2849 628 2869 omnes
645 2841 764 2870 occisus
781 2851 850 2880 per-

78 2883 193 2912 diderit
216 2886 248 2910 et
268 2881 446 2917 afflix‹›rit;’
488 2882 547 2921 Ep.
571 2883 609 2912 ad
633 2884 701 2912 Att.
726 2884 768 2912 iii.
795 2885 850 2913 10:

79 2929 88 2942 ⁴
103 2926 261 2965 perditum
299 2925 535 2964 afflictumque!
595 2925 648 2955 All
688 2926 759 2956 that
797 2927 853 2956 has

896 1597 977 1627 been
1005 1597 1072 1627 said
1095 1597 1193 1628 about
1215 1598 1306 1628 these
1328 1599 1428 1629 words
1451 1599 1493 1639 by
1516 1599 1670 1636 Wunder,

897 1651 928 1679 p.
950 1641 1019 1676 129,
1038 1644 1106 1677 &c.,
1123 1641 1184 1670 and
1201 1641 1242 1680 by
1259 1642 1394 1672 Mueller
1409 1643 1442 1672 in
1457 1642 1571 1673 Jahn¹s
1584 1645 1670 1672 Ann.

896 1684 958 1712 vol.
989 1684 1054 1713 xiii.
1080 1694 1111 1723 p.
1143 1686 1195 1720 45,
1224 1685 1286 1714 and
1312 1685 1345 1714 in
1374 1685 1447 1715 Cur.
1470 1696 1530 1715 566.
1559 1697 1587 1725 p.
1621 1687 1669 1721 13,

897 1729 952 1756 &c.
978 1736 1019 1755 on
1043 1727 1098 1756 the
1118 1727 1209 1756 other
1225 1728 1300 1763 side,
1322 1732 1406 1758 must
1427 1728 1466 1758 be
1481 1729 1554 1758 read
1570 1729 1670 1759 there.

896 1769 965 1799 The
981 1780 1066 1799 same
1082 1770 1295 1800 combination
1319 1771 1354 1800 of
1374 1772 1484 1808 words,
1510 1772 1567 1802 but
1582 1773 1614 1801 in
1630 1782 1671 1801 an

895 1813 1019 1842 inverse
1043 1813 1144 1849 order,
1169 1814 1194 1843 is
1218 1814 1292 1843 read
1317 1814 1376 1843 Pro
1399 1815 1541 1852 Quintio,
1567 1826 1592 1845 c.
1619 1817 1670 1851 23,

896 1856 946 1885 De
975 1856 1064 1885 Prov.
1098 1856 1193 1886 Cons.
1223 1867 1249 1886 c.
1277 1859 1306 1892 5,
1332 1858 1391 1886 Pro
1416 1858 1521 1888 Deiot.
1546 1869 1572 1888 c.
1601 1857 1670 1888 12’'

895 1897 1036 1939 (Halm).
1084 1899 1099 1928 I
1116 1899 1195 1930 have
1211 1900 1320 1938 copied
1337 1900 1399 1930 this
1416 1904 1490 1930 note
1505 1912 1538 1931 as
1554 1912 1573 1931 a
1588 1911 1670 1930 sam-

893 1942 945 1981 ple
970 1942 1005 1971 of
1028 1942 1082 1971 the
1107 1943 1187 1981 style
1210 1943 1246 1972 of
1266 1944 1412 1973 criticism
1430 1944 1529 1974 which
1554 1945 1580 1974 is
1600 1954 1671 1973 now

894 1995 1050 2015 common.
1098 1985 1113 2015 I
1131 1985 1171 2015 do
1195 1989 1252 2015 not
1272 1986 1364 2015 know
1384 1987 1455 2016 how
1476 1988 1570 2016 much
1594 1988 1671 2017 such

894 2032 985 2058 notes
1008 2037 1061 2058 are
1084 2029 1196 2058 worth.
1243 2029 1304 2060 Let
1333 2040 1424 2069 every
1452 2041 1525 2060 man
1551 2034 1599 2060 set
1621 2030 1670 2060 his

895 2081 964 2100 own
980 2071 1071 2100 value
1086 2081 1127 2100 on
1143 2072 1242 2102 them.

939 2115 997 2143 hae
1015 2117 1123 2143 tantae
1142 2137 1148 2143 .
1164 2137 1171 2144 .
1186 2137 1193 2144 .
1212 2114 1337 2154 laudes]
1367 2118 1374 2132 ⁴
1386 2114 1489 2145 Haec’
1509 2115 1554 2151 P.,
1573 2116 1670 2146 Halm

897 2155 958 2196 (2).
1006 2156 1116 2186 Cicero
1143 2167 1212 2196 says
1234 2157 1347 2186 “from
1372 2158 1455 2187 what
1482 2158 1670 2199 beginnings

896 2199 958 2227 and
983 2209 1026 2228 on
1058 2199 1142 2228 what
1172 2200 1374 2230 foundations
1406 2201 1469 2230 this
1502 2206 1590 2239 great
1620 2213 1669 2232 re-

896 2242 1040 2279 putation
1064 2242 1096 2270 in
1120 2242 1174 2271 the
1198 2246 1281 2271 most
1299 2243 1473 2282 important
1489 2244 1595 2283 things
1613 2245 1670 2275 has

896 2283 975 2313 been
989 2284 1089 2313 raised
1100 2284 1177 2323 up.¹’
1196 2285 1359 2314 Manutius
1373 2296 1534 2325 compares
1548 2288 1669 2323 Cicero,

897 2326 946 2355 De
978 2327 1075 2365 Legg.
1107 2327 1137 2356 ii.
1166 2328 1228 2362 27:
1265 2328 1428 2358 “Exstrui
1452 2333 1557 2359 autem
1583 2334 1670 2361 vetat

897 2369 1074 2408 sepulcrum
1092 2370 1185 2399 altius
1202 2380 1296 2409 quam
1309 2372 1393 2410 quod
1407 2372 1545 2412 quinque
1558 2373 1668 2403 diebus

896 2411 1087 2441 absolverint
1113 2422 1171 2442 nec
1197 2423 1213 2442 e
1240 2413 1343 2452 lapide
1367 2415 1495 2444 excitari
1525 2416 1596 2454 plus
1624 2416 1667 2456 (?)

896 2465 954 2483 nce
984 2455 1103 2494 imponi
1134 2466 1228 2494 quam
1260 2456 1377 2495 quod,’'
1410 2460 1466 2487 &c.
1513 2458 1668 2498 Compare

898 2498 946 2527 De
971 2498 1039 2527 Fin.
1068 2498 1108 2527 iv.
1137 2499 1167 2533 7,
1192 2499 1273 2528 cited
1297 2499 1338 2538 by
1364 2500 1470 2536 Halm,
1488 2502 1591 2531 where
1615 2503 1669 2531 the

896 2541 980 2570 word
996 2541 1021 2570 is
1039 2541 1114 2570 used
1137 2542 1169 2570 in
1192 2552 1210 2570 a
1231 2542 1392 2579 figurative
1408 2553 1516 2579 scnse;
1540 2545 1601 2574 and
1620 2545 1668 2574 De

893 2584 1028 2613 Oratore
1058 2584 1090 2612 ii.
1122 2585 1184 2613 41:
1220 2585 1361 2614 “defixis
1390 2608 1397 2615 .
1420 2609 1428 2615 .
1453 2609 1459 2615 .
1488 2586 1667 2616 excitatis.’²

893 2627 995 2656 There
1011 2627 1037 2656 15
1053 2637 1070 2655 a
1091 2636 1221 2665 passage
1239 2628 1270 2656 in
1291 2628 1416 2663 Caesar,
1442 2629 1478 2658 Β.
1498 2630 1536 2658 G.
1554 2630 1595 2658 iii.
1617 2631 1666 2664 14,

894 2670 996 2699 where
1018 2670 1057 2699 he
1080 2670 1136 2698 has
1153 2673 1159 2686 ‘
1175 2669 1312 2699 turribus
1336 2671 1500 2706 excitatis,’
1517 2672 1579 2701 and
1603 2673 1627 2701 it
1642 2673 1668 2701 is

894 2723 912 2742 a
928 2723 1074 2741 common
1098 2713 1289 2751 expression,
1313 2723 1346 2742 as
1375 2714 1546 2743 Schneider
1567 2715 1597 2743 in
1619 2715 1668 2744 his

894 2755 1012 2785 edition
1036 2755 1071 2784 of
1093 2755 1147 2784 the
1172 2755 1271 2785 Gallie
1288 2756 1364 2785 war
1386 2756 1498 2791 shows,
1515 2757 1557 2795 by
1573 2758 1668 2787 reser-

894 2799 964 2836 ring
980 2802 1012 2827 to
1031 2798 1066 2828 B.
1085 2798 1124 2828 G.
1141 2809 1170 2827 v.
1187 2799 1238 2832 40,
1257 2798 1317 2828 viii.
1335 2801 1375 2834 Ως
1400 2799 1477 2838 Livy
1493 2801 1544 2829 43.
1563 2811 1588 2830 e.
1611 2803 1658 2831 18.

939 2843 969 2870 3.
995 2842 1143 2870 tribunus
1154 2842 1202 2879 pl.
1215 2842 1358 2880 primus]
1390 2844 1397 2857 ⁴
1414 2842 1518 2871 Primo
1534 2843 1602 2872 loco
1619 2854 1668 2873 re-

897 2883 1087 2919 111111tiatus3’
1104 2884 1251 2913 returned
1265 2885 1333 2912 first
1345 2894 1460 2921 among
1473 2885 1563 2915 those
1573 2887 1668 2916 elect-

898 2927 945 2957 ed.
982 2930 1000 2943 ‘⁴
1014 2927 1097 2956 Nam
1115 2937 1212 2966 quum
1229 2930 1358 2966 propter
1373 2927 1554 2958 dilationem
1571 2930 1666 2959 comi-
