2002 3235
768 169 902 212 CAP.
927 170 1110 213 97-—29.
1656 175 1735 216 391

136 283 317 339 majores
346 283 480 325 nostri
511 283 802 325 conventicula
834 288 878 326 et
910 283 1028 339 quasi
1063 283 1240 325 concilia
1260 285 1469 339 quaedam
1490 299 1579 326 esse
1601 287 1739 327 volue-

136 353 248 397 runt,
270 349 340 404 qui
375 364 459 390 non
494 349 749 404 amplissime
771 364 854 390 non
889 350 1015 390 modo
1051 350 1102 390 de
1128 350 1264 391 salute
1298 365 1402 401 mea,
1437 350 1511 391 sed
1542 350 1668 391 etiam
1690 352 1741 392 de

137 414 345 469 dignitate
366 414 640 456 decreverint.
702 414 811 455 Nam
838 415 936 470 quid
965 430 1044 470 ego
1076 415 1144 456 illa
1166 415 1305 456 divina
1332 421 1460 471 atque
1491 415 1743 457 immortalia

136 479 457 535 municipiorum
478 471 522 521 et
543 479 799 520 coloniarum
822 484 865 521 et
885 480 1019 522 totius
1039 480 1188 522 Italiae
1211 481 1383 522 decreta
1405 495 1739 531 commemorem,

137 545 289 599 quibus
324 551 539 600 tamquam
571 546 771 601 gradibus
800 546 901 586 mihi
932 545 1074 587 videor
1105 546 1146 587 111
1178 547 1337 587 06611111]
1370 546 1621 596 ascendisse,
1659 561 1742 586 non

137 611 273 651 solum
294 611 335 651 in
356 610 537 666 patriam
565 611 815 652 revertisse?
876 611 952 653 Ille
973 626 1069 653 vero
1101 612 1189 653 dies
1221 611 1291 667 qui
1322 612 1414 661 fuit,
1449 627 1577 667 quum
1604 617 1659 661 te,
1692 612 1742 652 P.

140 675 333 725 Lentule,
350 676 487 732 legem
511 677 562 717 de
584 691 650 717 me
671 676 877 718 ferentem
898 677 1076 732 populus
1099 676 1317 718 Romanus
1340 677 1430 732 ipse
1452 677 1569 726 vidit,
1593 676 1742 718 sensit-

138 755 218 796 que
233 746 414 796 quantus
431 747 473 783 et
491 747 650 797 quanta
667 742 874 797 dignitate
889 757 1024 783 essem
1041 744 1054 783 3
1086 742 1267 784 Constat
1283 742 1393 783 enim
1409 742 1533 783 nullis
1547 757 1744 797 umquam

139 807 319 848 comitiis
347 821 539 862 campum
564 807 770 848 Martium
792 812 913 849 tanta
935 807 1192 857 celebritate,
1216 813 1338 849 tanto
1366 808 1587 863 splendore
1610 808 1745 848 01111115

136 872 301 926 generis
332 872 560 922 hominum,
598 876 802 922 aetatum,
837 873 1031 913 ordinum
1063 873 1266 914 floruisse.
1330 873 1493 915 Omitto
1525 873 1746 914 civitatum

137 936 369 987 nationum,
402 937 726 992 provinciarum,
751 952 909 993 regum,
935 938 1049 979 orbis
1078 938 1258 993 denique
1279 942 1487 979 terrarum
1508 938 1558 978 de
1579 938 1683 978 meis
1704 938 1746 978 in

138 1018 281 1044 omnes
302 1003 500 1045 mortales
516 1003 677 1044 meritis
692 1019 820 1045 unum
837 1004 1045 1059 judicium
1059 1020 1270 1060 unumque
1284 1019 1559 1051 consensum3
1593 1004 1746 1044 adven-

138 1072 208 1109 tus
229 1083 348 1110 1116115
379 1074 507 1124 atque
530 1069 729 1110 introitus
751 1069 793 1110 in
814 1071 960 1110 urbem
991 1070 1061 1125 qui
1082 1070 1190 1112 fuit?
1252 1070 1411 1111 Utrum
1442 1085 1507 1111 me
1528 1069 1666 1124 patria
1687 1068 1747 1110 sic

137 1134 303 1189 accepit
324 1139 371 1176 ut
391 1135 526 1176 lucem
559 1135 823 1191 salutemque
859 1135 1069 1177 redditam
1090 1136 1168 1177 sibi
1203 1150 1252 1176 ac
1284 1135 1525 1177 restitutam
1556 1134 1746 1190 accipere

139 1199 296 1250 debuit,
320 1215 373 1241 an
404 1205 453 1242 ut
483 1200 693 1241 crudelem
726 1206 965 1255 tyrannum,
1003 1202 1113 1256 quod
1136 1216 1210 1242 vos
1237 1200 1441 1242 Catilinae
1472 1200 1666 1255 gregales
1694 1200 1745 1240 de

138 1279 204 1305 me
226 1265 364 1306 dicere
392 1266 624 1307 solebatis?
688 1266 838 1321 Itaque
875 1266 942 1306 ille
978 1281 1086 1307 unus
1120 1266 1220 1316 dies,
1256 1281 1336 1321 quo
1366 1266 1432 1307 die
1468 1280 1533 1306 me
1566 1265 1746 1320 populus

139 1329 356 1371 Romanus
373 1346 397 1371 a
418 1336 543 1386 porta
564 1331 604 1371 in
634 1331 898 1387 Capitolium,
924 1336 1051 1386 atque
1080 1331 1175 1372 inde
1204 1332 1374 1372 domum
1401 1346 1476 1372 sua
1499 1330 1747 1372 celebritate

137 1395 382 1451 laetitiaque
419 1396 665 1437 comitatum
702 1397 953 1447 honestavit,
988 1401 1134 1438 tantae
1166 1396 1266 1437 mihi
1294 1396 1554 1451 jucunditati
1588 1395 1665 1436 fuit
1699 1401 1748 1436 ut

139 1464 216 1508 tua
236 1460 337 1501 mihi
360 1461 645 1503 conscelerata
665 1462 735 1502 illa
756 1462 818 1503 vis
839 1477 923 1504 11011
945 1463 1068 1503 1110110
1090 1477 1175 1502 11011
1197 1462 1487 1516 propulsanda,
1517 1462 1591 1502 sed
1619 1461 1748 1503 etiam

139 1527 400 1567 emendanda
422 1526 549 1568 fuisse
571 1527 776 1569 videatur.
839 1528 978 1580 Quare
1015 1528 1085 1568 illa
1107 1527 1338 1575 calamitas,
1362 1527 1396 1568 si
1428 1527 1489 1568 ita
1511 1531 1576 1568 est
1606 1527 1748 1582 appel-

139 1591 275 1643 landa,
301 1592 488 1633 excussit
509 1592 589 1633 hoc
606 1607 740 1647 genus
763 1597 902 1634 totum
923 1592 1147 1643 maledicti,
1172 1608 1223 1633 ne
1245 1592 1464 1647 quisquam
1481 1593 1570 1647 jam
1594 1593 1749 1633 audeat

138 1657 443 1711 reprehendere
479 1657 744 1698 consulatum
784 1672 923 1698 meum
956 1662 1035 1706 tot,
1070 1657 1215 1707 tantis,
1255 1663 1343 1698 tam
1374 1657 1534 1699 ornatis
1562 1657 1745 1712 judiciis,

140 1722 406 1771 testimoniis,
430 1723 755 1764 auctoritatibus
777 1723 1108 1777 comprobatum.
1172 1723 1365 1763 XXIX.
1399 1723 1521 1775 Quod
1545 1723 1579 1764 si
1602 1723 1644 1763 in
1666 1723 1749 1763 isto

141 1793 216 1829 tuo
238 1788 463 1829 maledicto
485 1788 686 1843 probrum
712 1803 797 1828 non
832 1788 955 1828 modo
978 1787 1078 1828 mihi
1110 1788 1267 1828 nullum
1290 1789 1493 1843 objectaS,
1527 1788 1601 1828 sed
1622 1788 1750 1829 etiam

141 1853 303 1894 laudem
325 1854 511 1894 illustras
533 1868 681 1903 meam,
706 1853 806 1908 qnid
828 1858 870 1894 te
891 1858 966 1894 aut
987 1853 1077 1893 fieri
1106 1857 1181 1894 aut
1198 1853 1299 1908 fingi
1322 1854 1557 1895 dementius
1578 1854 1751 1908 potest?

143 1919 244 1960 Uno
281 1919 390 1960 enim
417 1919 643 1960 maledicto
675 1919 739 1960 bis
775 1934 800 1960 a
830 1934 897 1959 me
929 1919 1111 1975 patriam
1147 1924 1359 1960 servatam
1394 1933 1485 1960 esse
1522 1918 1746 1965 concedis3

143 1986 283 2036 semel,
307 2001 435 2041 quum
456 1985 497 2025 id
521 1985 613 2035 feci,
646 1985 758 2040 quod
787 2000 932 2026 omnes
953 2000 1037 2026 non
1069 1989 1227 2040 negent
1258 1984 1579 2036 immortalitati,
1603 1983 1639 2024 51
1660 1983 1750 2024 fieri

143 2130 226 2160 bana
242 2128 331 2169 plebs
343 2129 350 2142 ⁷
368 2138 402 2158 as
418 2128 595 2167 inhabiting
610 2128 665 2157 the
680 2127 752 2158 hills
771 2128 924 2169 (montes)

145 2173 181 2203 of
204 2173 315 2202 Rome.
362 2172 427 2201 But
453 2181 487 2201 as
513 2171 664 2201 Graevius
690 2171 841 2206 remarks,
870 2172 925 2201 the

144 2217 248 2246 richer
275 2215 387 2255 people
410 2215 443 2244 in
472 2215 574 2243 Rome
599 2214 757 2253 generally
780 2214 861 2243 lived
883 2224 925 2244 on

145 2260 200 2289 the
217 2263 224 2275 ⁴
239 2258 385 2288 montes.'
434 2257 555 2287 Gesner
571 2261 683 2296 quotes
700 2257 811 2292 VarrO,
830 2257 866 2286 L.
886 2257 923 2286 L.

144 2303 186 2333 vi.
204 2304 234 2338 3,
251 2302 321 2331 who
337 2302 363 2330 is
380 2301 531 2340 speaking
554 2301 589 2329 of
609 2300 663 2329 the
687 2300 810 2329 festival
826 2300 925 2329 called

147 2345 405 2385 Septimontium,
434 2344 536 2372 which
561 2343 601 2373 he
626 2343 700 2372 calls
727 2343 838 2372 ‘feriae
862 2353 927 2372 11011

145 2389 256 2429 populi
283 2388 337 2418 sed
363 2390 585 2416 montanorum
611 2385 728 2416 modo.’
776 2386 840 2415 But
863 2386 927 2415 this

146 2433 221 2462 does
248 2435 305 2461 not
328 2431 453 2470 explain
477 2430 532 2459 the
558 2429 714 2468 ‘pagani.'
760 2429 927 2458 Manutius

147 2485 218 2514 says
245 2475 314 2505 that
337 2474 392 2503 1116
416 2472 569 2512 ‘pagani'
586 2482 638 2502 are
661 2473 716 2501 the
731 2472 927 2501 inhabitants

147 2518 183 2548 of
203 2518 259 2547 the
287 2515 396 2556 ‘pagi’
422 2520 480 2546 out
506 2516 542 2545 of
561 2516 615 2545 the
639 2515 712 2554 city,
735 2515 793 2544 but
816 2515 848 2544 in
873 2515 928 2544 the

147 2561 232 2599 Ager
250 2561 423 2595 Romanus,
438 2559 500 2589 and
516 2559 591 2598 they
607 2569 688 2588 were
704 2558 802 2588 called
819 2558 927 2597 ‘plebs

149 2603 283 2633 urbana'
302 2603 433 2632 because
456 2602 530 2641 they
548 2612 628 2632 were
651 2601 807 2631 reekoned
826 2601 857 2630 in
874 2601 928 2630 the

149 2656 262 2676 census
277 2656 392 2684 among
408 2645 461 2674 the
479 2649 485 2661 ‘
497 2646 637 2675 urbanae
652 2645 754 2674 tribus
765 2643 783 2680 3'
809 2644 857 2673 for
873 2644 928 2673 the

151 2692 158 2706 ⁴
174 2689 262 2729 plebs
278 2689 394 2718 rustica
406 2687 413 2700 ’
431 2688 532 2717 which
548 2699 610 2718 was
633 2687 789 2718 reckoned
812 2697 928 2726 among

149 2733 204 2762 the
231 2732 386 2761 ‘rusticae
412 2730 536 2766 tribus‚’
560 2741 622 2760 was
646 2731 741 2760 much
765 2741 851 2760 more
871 2730 927 2759 ho-

151 2775 312 2804 nourable.
337 2774 406 2803 The
421 2774 552 2812 original
568 2784 706 2813 passage,
724 2784 757 2804 65
773 2774 798 2803 it
815 2784 926 2809 seems,

150 2819 183 2847 in
199 2818 253 2847 the
272 2818 331 2846 Pro
356 2816 468 2851 Sestio,
490 2827 516 2846 c.
538 2818 586 2853 14,
611 2817 637 2846 is
662 2817 745 2846 this:
772 2817 928 2846 “nullum

151 2864 219 2891 erat
247 2860 356 2890 Italiae
383 2859 588 2899 municipium
607 2881 615 2889 .
634 2883 640 2890 .
660 2882 666 2889 .
688 2860 810 2889 nullum
837 2860 929 2889 colle-

151 2904 237 2943 gium
269 2908 324 2933 aut
354 2902 521 2933 concilium
552 2905 606 2932 aut
636 2903 766 2932 omnino
803 2902 930 2942 aliquod

969 2139 1138 2159 commune
1154 2127 1355 2165 consilium,’'
1373 2130 1430 2158 &c.

1003 2172 1168 2210 ferentem
1186 2194 1192 2201 .
1212 2194 1219 2201 .
1239 2194 1245 2201 .
1264 2181 1360 2201 essem
1375 2172 1406 2211 ?]
1446 2170 1495 2207 C.‚
1513 2174 1520 2188 ⁴
1532 2171 1673 2202 ferente'
1688 2171 1751 2201 and

969 2215 978 2230 ‘
989 2218 1072 2244 esset
1087 2215 1093 2227 '
1111 2214 1160 2244 for
1176 2218 1183 2229 ⁴
1198 2213 1318 2244 essem’
1344 2215 1493 2251 Faernus,
1519 2214 1635 2244 Baiter.
1681 2215 1752 2245 The

969 2267 1081 2286 reason
1108 2257 1156 2286 for
1179 2257 1234 2286 the
1261 2257 1427 2286 alteration
1452 2258 1478 2287 is
1505 2258 1610 2297 plain3
1642 2257 1700 2288 but
1726 2259 1751 2287 it

970 2310 1042 2339 may
1055 2300 1147 2330 stand
1160 2310 1193 2329 as
1207 2301 1231 2329 it
1244 2300 1314 2329 isin
1330 2301 1384 2330 the
1397 2300 1719 2331 MSS—‘civitatum
1730 2300 1751 2330 :'

973 2346 980 2360 ⁸
995 2343 1168 2373 civitatium
1181 2343 1189 2356 '
1208 2343 1242 2372 P.
1262 2343 1313 2378 G.‚
1338 2343 1455 2372 Baiter.

1014 2387 1129 2424 Itaque
1145 2387 1199 2415 ille
1215 2395 1297 2415 unus
1314 2386 1407 2425 dies,]
1437 2386 1497 2416 Pro
1514 2386 1626 2423 Sestio,
1644 2397 1670 2416 c.
1688 2388 1749 2416 60:

973 2431 993 2445 ‘⁴
1009 2429 1104 2458 Hunc
1134 2438 1191 2467 ego
1222 2429 1359 2458 reditum
1385 2429 1596 2469 repudiarem,
1629 2430 1682 2469 qui
1707 2430 1752 2459 ita

973 2472 1090 2501 florens
1120 2471 1181 2500 fuit
1211 2475 1247 2501 ut
1277 2481 1383 2501 verear
1413 2482 1453 2502 ne
1484 2473 1537 2512 qui
1568 2482 1619 2502 me
1646 2473 1751 2502 studio

972 2515 1088 2554 gloriae
1104 2518 1195 2553 putet
1210 2514 1325 2544 ideirco
1341 2515 1441 2549 exisse
1456 2520 1493 2545 ut
1508 2516 1552 2545 ita
1567 2515 1699 2545 redirem
1715 2515 1751 2544 ?’'

1016 2557 1229 2596 emendanda]
1257 2557 1293 2587 C.
1325 2557 1394 2587 The
1409 2568 1556 2588 common
1572 2562 1656 2588 texts
1672 2559 1752 2587 have

974 2604 980 2618 ⁶
996 2599 1150 2630 emenda!
1180 2600 1360 2629 Mommsen
1376 2611 1527 2640 proposes
1546 2604 1552 2617 ‘
1566 2600 1750 2630 i11vitanda.⁷

971 2648 1023 2666 —‘
1039 2644 1175 2673 excussit
1190 2642 1208 2672 :⁷
1245 2646 1252 2659 ⁴
1266 2643 1407 2679 exussit‚’
1437 2644 1483 2680 P.,
1531 2644 1649 2679 Baiter,
1681 2643 1752 2672 who

971 2687 1068 2716 refers
1091 2690 1124 2716 to
1142 2687 1251 2716 Cicero
1277 2686 1421 2726 (Brutus,
1446 2697 1471 2716 c.
1490 2686 1544 2725 4):
1571 2689 1590 2702 ‘⁶
1605 2689 1751 2715 exustus-

973 2740 1035 2769 que
1072 2730 1131 2759 flos
1162 2729 1213 2758 siti
1247 2729 1358 2758 veteris
1396 2729 1549 2758 ubertatis
1586 2729 1707 2758 exaruit
1721 2728 1751 2764 ;'’

973 2773 1076 2803 where
1093 2776 1100 2789 ⁴
1115 2776 1244 2802 exustus
1259 2771 1265 2784 '
1283 2772 1308 2800 is
1325 2781 1398 2811 very
1413 2771 1624 2810 appropriate.

1017 2818 1068 2847 29.
1094 2825 1156 2845 non
1187 2815 1316 2853 neyent]
1373 2818 1380 2831 ‘
1394 2814 1529 2853 negent'
1564 2814 1598 2844 P.
1631 2813 1669 2843 G.
1698 2814 1751 2848 V.‚

975 2862 982 2876 ⁴
997 2858 1184 2888 concedent’
1205 2858 1366 2887 Halm.—‘
1376 2868 1445 2887 meo
1465 2867 1595 2897 corpore
1614 2857 1752 2896 excepiz’

975 2902 1122 2942 repeated
1137 2912 1170 2931 as
1186 2901 1277 2931 usual
1295 2900 1336 2940 (c.
1353 2900 1423 2940 24).
