2002 3235
768 186 902 228 OAP.
935 188 1000 239 10,
1026 187 1093 227 11.
1653 189 1734 229 365

130 299 212 341 fuit
246 313 441 355 umquam
475 300 517 341 in
553 300 633 341 hac
667 299 840 341 civitate
875 300 1144 355 conjunctius
1176 314 1301 355 quam
1332 299 1486 340 fuimus
1517 299 1628 341 inter
1660 315 1736 341 nos

130 379 209 420 ego
242 370 285 406 et
322 365 398 407 Cn,
429 365 685 421 Pompeius?
747 365 850 418 Quis
881 366 991 420 apud
1027 365 1225 420 populum
1259 365 1497 406 Romanum
1538 366 1590 405 de
1630 365 1738 406 illius

131 430 338 485 dignitate
365 430 610 480 industrius,
647 431 738 486 quis
770 431 936 472 senatui
964 431 1130 486 saepius
1161 431 1295 472 dixit?
1357 430 1438 483 Qui
1471 434 1618 471 tantus
1658 430 1737 471 fuit

129 495 259 545 labor,
302 510 407 551 quae
446 496 650 546 simultas,
694 511 802 552 quae
835 496 1065 546 contentio,
1109 511 1233 552 quam
1274 510 1352 551 ego
1394 511 1477 536 non
1518 510 1594 550 pro
1629 495 1739 535 illius

131 561 340 617 dignitate
377 563 665 618 susceperim?
726 563 807 615 Qui
837 563 890 603 ab
918 563 988 604 illo
1011 563 1050 603 in
1074 578 1140 603 me
1166 563 1311 612 honos,
1336 576 1442 617 quae
1478 561 1738 616 praedicatio

131 628 182 668 de
215 642 308 668 mea
341 628 474 678 laude,
504 642 610 683 quae
646 628 928 670 remuneratio
969 627 1283 669 benevolentiae
1310 626 1611 682 praetermissa
1643 627 1740 667 est?

132 692 258 734 Hanc
289 698 480 735 nostram
511 694 863 748 conjunctionem,
897 694 1005 735 hanc
1038 693 1393 748 conspirationem
1426 692 1467 732 in
1499 706 1544 732 re
1572 691 1740 747 publica

130 759 238 799 bene
258 759 453 814 gerenda,
485 759 592 800 hanc
619 759 970 814 jucundissimam
992 759 1103 799 vitae
1133 763 1261 814 atque
1294 758 1524 798 officiorum
1555 756 1739 798 omnium

130 823 379 865 societatem
419 824 524 865 certi
564 825 754 865 homines
794 825 906 866 fictis
947 823 1210 865 sermonibus
1257 828 1300 865 et
1340 823 1456 864 falsis
1496 821 1741 863 criminibus

131 889 400 939 diremerunt,
426 905 551 944 quum
588 889 714 930 iidem
746 889 873 939 illum,
897 895 946 931 ut
971 905 1038 930 me
1060 894 1282 936 metueret,
1304 903 1370 929 me
1399 893 1568 929 caveret
1597 879 1740 928 mone-

129 959 236 1003 rent,
260 954 386 995 iidem
406 955 518 1010 apud
549 969 616 995 me
648 955 750 995 mihi
782 955 897 995 illum
929 955 1000 995 uni
1032 969 1124 996 esse
1155 954 1488 995 inimicissimum
1517 953 1735 1001 dicerent;

129 1024 178 1061 ut
212 1034 348 1075 neque
388 1035 467 1075 ego
502 1021 556 1061 ab
598 1020 667 1061 illo
704 1035 810 1075 quae
846 1020 948 1061 mihi
989 1021 1173 1076 petenda
1211 1025 1354 1061 essent
1381 1019 1487 1060 satis
1523 1019 1740 1060 audaciter

129 1090 272 1140 petere
304 1100 482 1141 possem,
516 1100 650 1141 neque
682 1085 749 1127 ille
773 1090 841 1127 tot
871 1086 1179 1141 suspicionibus
1211 1090 1422 1127 certorum
1456 1084 1669 1125 hominum
1696 1090 1740 1126 et

130 1151 286 1192 scelere
328 1152 595 1193 exulceratus
626 1166 732 1206 quae
771 1166 911 1192 meum
951 1157 1119 1206 tempus
1156 1151 1392 1206 postularet
1432 1151 1538 1192 satis
1579 1150 1740 1206 prolixe

130 1216 231 1257 mihi
259 1217 538 1272 polliceretur.
603 1217 718 1258 Data
753 1231 915 1257 merces
948 1222 1014 1258 est
1036 1217 1190 1258 erroris
1212 1216 1293 1258 mei
1315 1231 1478 1271 magna,
1503 1216 1737 1271 pontifices,

130 1286 179 1322 ut
200 1297 266 1323 me
287 1297 370 1323 non
391 1283 526 1323 solum
548 1282 692 1338 pigeat
714 1282 920 1323 stultitiae
942 1297 1059 1323 meae
1082 1283 1155 1322 sed
1178 1282 1305 1323 etiam
1327 1283 1495 1337 pudeat,
1520 1281 1590 1336 qui
1612 1295 1741 1336 quum

131 1361 199 1387 me
239 1362 322 1388 non
362 1348 628 1403 repentinum
672 1347 841 1402 aliquod
881 1362 1020 1387 meum
1061 1352 1241 1402 tempus,
1285 1348 1359 1388 sed
1401 1352 1565 1388 veteres
1606 1346 1739 1386 multo

131 1417 231 1453 ante
259 1413 446 1468 suscepti
477 1419 521 1454 et
551 1412 706 1468 provisi
738 1413 903 1453 labores
940 1427 1035 1453 cum
1056 1413 1144 1453 viro
1176 1412 1405 1453 fortissimo
1437 1417 1481 1453 et
1510 1411 1739 1452 clarissimo

133 1478 465 1532 conjunxissent,
489 1478 568 1519 sim
588 1492 735 1533 passus
757 1493 781 1518 a
803 1477 877 1518 tali
900 1477 1085 1518 amicitia
1102 1477 1291 1525 distrahi,
1308 1492 1441 1532 neque
1464 1477 1740 1517 intellexerim

132 1544 283 1599 quibus
310 1549 384 1585 aut
419 1548 466 1584 ut
496 1543 654 1598 apertis
682 1543 859 1583 inimicis
890 1543 1150 1592 obsisterem,
1183 1548 1258 1584 aut
1286 1547 1334 1583 ut
1356 1542 1565 1582 insidiosis
1595 1542 1740 1583 amicis

131 1623 216 1649 non
263 1609 489 1650 crederem.
569 1608 753 1648 Proinde
799 1607 995 1649 desinant
1034 1608 1258 1663 aliquando
1300 1622 1366 1648 me
1406 1607 1553 1647 iisdem
1595 1607 1740 1648 inflare

132 1673 298 1714 verbis:
348 1674 457 1726 Quid
494 1673 573 1714 sibi
609 1673 690 1714 iste
731 1673 847 1713 vult?
889 1673 1025 1714 nescit
1058 1678 1262 1727 quantum
1298 1671 1555 1713 auctoritate
1587 1672 1737 1722 valeat,

133 1753 236 1794 quas
253 1754 320 1780 res
341 1738 531 1794 gesserit,
556 1753 640 1793 qua
662 1737 872 1792 dignitate
894 1738 950 1779 sit
971 1738 1218 1779 restitutus:
1255 1752 1330 1778 cur
1352 1742 1476 1778 ornat
1496 1751 1589 1777 eum
1611 1752 1636 1777 a
1658 1752 1740 1792 quo

134 1805 325 1845 desertus
347 1809 411 1845 est
428 1803 598 1858 Z—Ego
629 1818 726 1844 vero
750 1818 885 1858 neque
917 1818 982 1844 me
1004 1807 1096 1844 tum
1118 1803 1333 1844 desertum
1365 1807 1481 1857 puto,
1504 1803 1579 1843 sed
1610 1817 1741 1858 paene

135 1936 278 1967 Senatu!
331 1936 503 1967 Markland
529 1936 675 1966 observes
706 1935 776 1965 that
806 1935 916 1966 Cicero

135 1980 239 2018 might
254 1990 287 2010 as
304 1980 373 2010 well
394 1981 473 2009 have
497 1980 563 2009 said
581 1983 587 1996 ‘
602 1980 738 2009 diximus
756 1979 915 2008 Pontifici<

135 2022 215 2053 bus'
235 2023 300 2062 (Ad
324 2024 391 2053 Att.
417 2024 456 2052 iv.
485 2023 532 2062 2),
557 2023 680 2052 instead
701 2022 736 2051 of
758 2026 765 2039 ⁴
780 2022 916 2051 diximus

136 2066 220 2106 apud
234 2066 426 2102 Pontifices,’
440 2066 543 2095 which
555 2066 595 2095 he
605 2065 679 2094 does
690 2075 753 2104 say.
779 2065 916 2103 Though

995 1936 1090 1974 fictis
1114 1934 1327 1973 sermonibus]
1385 1933 1454 1963 The
1482 1943 1567 1963 same
1598 1936 1685 1973 story
1712 1934 1741 1963 is

960 1978 1027 2007 told
1043 1978 1081 2007 in'
1092 1978 1147 2008 the
1164 1978 1224 2007 Pro
1246 1978 1346 2007 Sestio
1363 1977 1425 2006 and
1441 1978 1474 2007 in
1490 1977 1545 2006 the
1561 1977 1685 2007 oration
1701 1977 1742 2006 In

962 2021 1120 2051 Pisonem.

998 2064 1147 2103 prolioee]
1199 2063 1256 2092 See
1282 2063 1341 2092 Pro
1359 2063 1480 2099 Flacco,
1503 2073 1527 2092 c.
1547 2064 1654 2093 3fi.—‘
1669 2063 1742 2093 data

136 2120 183 2139 we
209 2110 303 2139 know
325 2109 396 2139 that
418 2109 443 2138 it
459 2108 571 2138 should
595 2108 635 2137 be
657 2108 709 2137 ‘in
734 2106 868 2143 senatu,'
893 2108 918 2137 it

136 2153 162 2182 is
187 2156 244 2182 not
263 2162 321 2182 our
339 2152 483 2182 business
506 2155 540 2181 to
564 2151 658 2180 mend
683 2151 738 2180 the
762 2151 917 2188 language

136 2196 171 2226 of
184 2196 239 2225 the
254 2196 359 2225 writer
375 2205 433 2225 nor
448 2198 481 2224 to
496 2194 589 2223 make
612 2194 678 2223 him
703 2193 799 2232 speak
816 2193 878 2222 like
899 2202 918 2222 a

136 2249 211 2269 man
227 2238 263 2268 of
280 2248 380 2268 sense.
429 2238 593 2267 Hotmann
611 2246 680 2276 says
696 2236 766 2265 that
782 2236 821 2265 he
843 2235 917 2265 does

135 2285 194 2312 not
227 2281 405 2311 remember
442 2291 482 2310 an
516 2280 696 2319 expression
726 2279 789 2308 like
825 2278 916 2317 ‘quis

137 2326 259 2355 senatui
283 2324 384 2361 dixit,’
400 2324 461 2354 and
481 2323 652 2353 Markland
671 2322 788 2351 doubts
814 2321 841 2351 if
855 2332 917 2360 any

138 2368 241 2398 man's
272 2378 413 2407 memory
445 2367 507 2396 will
537 2367 576 2396 be
607 2376 694 2395 more
721 2364 815 2403 luoky
838 2364 916 2393 than

140 2411 346 2441 Hotmann's.
409 2411 474 2441 But
514 2410 608 2440 Klotz
651 2409 707 2438 has
753 2408 835 2437 cited
876 2418 915 2436 an

138 2455 282 2493 example
312 2455 392 2484 from
428 2454 556 2488 Seneca,
590 2453 739 2483 Confi-ov,
774 2451 916 2480 Proem.:

139 2501 158 2514 “
172 2498 279 2530 Quum
290 2508 345 2537 per
354 2501 458 2527 totum
469 2507 587 2526 annum
602 2495 768 2535 quinquies
779 2494 918 2524 sexiesve

138 2541 257 2579 populo
290 2539 440 2570 diceret.’'
492 2540 584 2569 Wolf
612 2539 719 2568 makes
750 2538 804 2567 the
834 2537 918 2575 right

141 2583 324 2612 distinction
347 2583 490 2613 between
517 2586 524 2599 ¹
538 2582 659 2612 dicere'
677 2581 754 2611 with
770 2591 788 2610 a
804 2580 916 2615 dative,

139 2626 202 2655 and
223 2626 324 2665 ‘apud
348 2626 501 2665 populum
525 2626 629 2655 dicere
644 2625 662 2654 :'
690 2624 852 2653 “alterum
878 2623 917 2652 de

139 2669 285 2698 familiari
308 2679 450 2698 sermone
473 2669 625 2698 usitatum
649 2671 706 2704 est,
730 2668 863 2697 alterum
880 2666 918 2695 de

140 2711 267 2751 publica
307 2710 758 2741 oratione.⁷⁷—-‘industriusz'
807 2713 813 2726 ⁴
831 2710 916 2738 illus-

140 2754 237 2784 trius'
254 2755 280 2783 is
308 2754 493 2783 Lambinus'
511 2755 646 2792 writing,
670 2754 730 2784 and
756 2754 795 2782 he
816 2753 842 2782 is
858 2753 916 2782 fol-

141 2797 241 2826 lowed
272 2797 313 2836 by
344 2797 399 2826 the
429 2797 557 2826 editors.
614 2797 683 2826 The
710 2797 807 2826 MSS.
839 2796 918 2825 have

142 2843 149 2857 ⁶
161 2839 357 2870 industrius)
383 2840 448 2869 But
462 2843 469 2856 ⁴
482 2840 633 2869 illustrius
644 2839 651 2853 ¹
664 2841 690 2869 is
703 2840 744 2879 by
757 2850 798 2869 no
811 2848 919 2868 means

141 2893 181 2912 an
198 2883 399 2923 appropriate
419 2883 515 2913 word.
563 2883 657 2913 Klotz
681 2882 835 2913 contends
850 2882 921 2911 that

141 2927 166 2956 it
182 2927 218 2956 is.

961 2117 1080 2136 merces
1099 2111 1147 2136 est
1171 2105 1314 2136 erroris?
1341 2109 1348 2122 ⁴
1364 2105 1503 2135 merces'
1528 2106 1554 2135 is
1585 2106 1660 2135 here
1686 2106 1742 2136 the

962 2159 1047 2179 same
1078 2160 1111 2179 as
1143 2148 1285 2188 ‘poenal
1349 2149 1390 2178 So
1424 2149 1437 2178 1
1470 2158 1607 2187 suppose
1647 2152 1654 2165 ‘
1667 2149 1741 2179 dare

962 2192 1139 2222 mercedem
1152 2191 1159 2204 ’
1176 2193 1201 2221 is
1217 2192 1280 2220 like
1297 2195 1304 2208 ‘
1318 2191 1392 2220 dare
1403 2191 1543 2230 poenas.’

1004 2237 1119 2274 inflare
1141 2235 1282 2274 verbim]
1331 2234 1379 2269 C.,
1398 2234 1514 2264 Baiter.
1561 2234 1630 2264 The
1654 2244 1740 2264 com-

961 2288 1036 2307 mon
1058 2278 1187 2316 reading
1207 2277 1233 2306 is
1262 2281 1268 2293 ‘
1282 2277 1501 2312 inflammare‚’
1526 2277 1628 2306 which
1652 2277 1745 2307 Wolf

961 2321 1090 2360 prefers.
1101 2338 1143 2342 ——
1155 2324 1162 2336 ¹
1175 2330 1274 2359 paene
1299 2320 1440 2349 deditum
1456 2321 1474 2349 ε’
1499 2320 1609 2350 Ursini
1636 2321 1741 2350 would

960 2364 1049 2393 write
1066 2364 1179 2402 ‘plane
1206 2362 1371 2399 deditum,'
1400 2366 1406 2379 ‘
1421 2364 1469 2393 vel
1490 2364 1741 2402 repugnantibus

961 2407 1099 2446 antiquis
1115 2405 1224 2435 libris.’
1272 2406 1366 2436 Some
1389 2406 1485 2436 MSS.
1514 2410 1617 2436 ‘teste
1643 2407 1739 2436 Lam-

963 2450 1037 2479 bino
1052 2449 1058 2462 '
1077 2449 1155 2478 have
1173 2453 1179 2465 ‘
1193 2448 1336 2487 poenae.’
1383 2450 1448 2479 But
1473 2450 1514 2478 all
1530 2450 1592 2479 this
1616 2450 1740 2479 trouble

963 2494 988 2522 is
1012 2493 1140 2522 useless.
1186 2492 1263 2521 This
1280 2493 1305 2521 is
1321 2502 1381 2522 one
1404 2492 1440 2521 of
1459 2493 1513 2521 the
1536 2493 1678 2522 author's
1694 2493 1740 2522 fa-

962 2536 1084 2565 vourite
1095 2535 1207 2564 wordS.
1255 2535 1345 2564 Wolf
1357 2536 1484 2564 collects
1501 2536 1555 2564 the
1568 2535 1738 2574 examples.

963 2579 1065 2608 There
1088 2579 1113 2607 is
1129 2589 1147 2607 a
1163 2578 1296 2616 striking
1320 2578 1461 2608 instance
1485 2578 1518 2607 iu
1541 2579 1596 2607 the
1617 2579 1740 2607 oration

962 2623 1069 2655 Quum
1083 2621 1201 2660 Populo
1216 2620 1257 2661 (c.
1272 2623 1317 2656 7),
1336 2624 1354 2637 ‘⁴
1369 2631 1467 2660 paene
1478 2622 1574 2650 sensit
1585 2620 1615 2657 ;’'
1633 2621 1694 2650 and
1707 2621 1740 2650 in

961 2666 1025 2695 this
1041 2665 1163 2694 oration
1182 2664 1222 2704 (c.
1240 2664 1285 2700 (ἱ),
1304 2664 1439 2693 “videte
1460 2664 1619 2693 fuerintne
1635 2667 1740 2702 partes

963 2718 1050 2738 meae
1063 2718 1162 2747 paene
1173 2707 1358 2746 praecipuae
1369 2706 1400 2741 ;”
1417 2706 1478 2735 and
1491 2716 1516 2735 c.
1534 2708 1586 2740 47,
1605 2710 1623 2722 “
1636 2706 1740 2735 verbis

962 2762 1062 2791 paene
1078 2749 1307 2780 solemnibus.”
1344 2750 1406 2778 But
1422 2749 1477 2778 the
1493 2753 1580 2787 great.
1596 2749 1741 2788 example

962 2796 987 2825 is
1014 2798 1144 2833 “paene
1164 2804 1201 2823 ex
1219 2794 1400 2823 Acheronte
1420 2790 1608 2823 excitatos.’'
1631 2792 1739 2824 Quum

965 2838 1104 2873 Senatui,
1128 2847 1153 2866 c.
1176 2838 1223 2866 10.
1270 2836 1359 2865 Wolf
1374 2836 1399 2864 is
1422 2835 1515 2873 right.
1562 2834 1639 2864 This
1655 2834 1741 2864 word

963 2881 1068 2910 marks
1098 2880 1153 2910 the
1179 2890 1264 2909 man.
1312 2878 1434 2919 (Quum
1461 2877 1602 2916 Senatui,
1632 2888 1658 2908 c.
1691 2879 1739 2915 15,

964 2923 1066 2961 note.)
