2002 3235
711 209 845 252 CAP.
880 211 949 260 23,
984 211 1051 251 24.
1613 216 1696 256 463

93 323 216 366 ciosis
249 323 521 378 optimatium
555 322 776 365 discordiis
813 324 1004 375 excitari,
1039 324 1158 379 eujus
1197 324 1319 366 initia
1354 324 1506 366 furoris
1542 326 1700 369 dissen-

92 389 279 430 sionibus
311 404 467 439 eorum,
504 388 573 444 qui
606 394 697 430 tum
730 404 755 429 a
788 390 908 431 vobis
939 389 1121 445 sejuncti
1157 390 1420 440 videbantur,
1460 397 1701 433 sustentata

92 459 205 495 sunt.
267 454 444 509 Reliqua
461 455 548 508 jam
571 454 891 509 praecipitantis
914 456 1156 497 tribunatus
1169 455 1295 496 etiam
1319 460 1417 510 post
1438 456 1701 498 tribunatum

92 520 403 569 obtrectatores
426 534 569 560 eorum
590 525 719 574 atque
740 520 971 562 adversarii
993 521 1272 562 defenderunt
1290 538 1299 567 ς
1338 536 1389 561 116
1417 535 1442 561 a
1469 536 1513 562 re
1535 522 1701 576 publica

91 584 151 625 rei
191 585 384 639 publicae
424 584 556 640 pestis
596 591 884 627 removeretur
924 586 1200 633 restiterunt3
1254 586 1383 628 etiam
1422 602 1474 627 ne
1519 586 1696 644 [meam]

91 664 284 690 caussam
315 650 487 701 diceret,
512 650 639 692 etiam
671 665 723 691 ne
754 651 942 706 privatus
973 657 1099 693 esset.
1165 651 1364 693 Etiamne
1385 651 1427 692 in
1452 651 1546 693 sinu
1572 658 1700 708 atque

91 715 134 756 in
167 715 325 756 deliciis
360 716 530 770 quidam
562 715 712 771 optimi
745 716 821 756 viri
848 716 1035 772 viperam
1067 716 1181 757 illam
1212 722 1459 758 venenatam
1491 732 1539 758 ac
1570 719 1700 773 pesti-

89 780 221 821 feram
261 780 416 821 habere
456 782 715 836 potuerunt?
756 796 837 837 quo
880 782 1053 823 tandem
1094 782 1261 837 decepti
1301 783 1499 823 munere?
1573 780 1696 831 Volo,

90 844 296 900 inquiunt,
333 860 424 886 esse
461 845 529 901 qui
566 845 607 886 in
642 845 838 887 contione
874 847 1073 888 detrahat
1107 847 1158 887 de
1193 847 1410 902 Pompeio.
1485 848 1699 890 Detrahat

89 909 158 951 ille
179 910 486 965 vituperando?
548 910 688 951 Velim
710 911 770 952 516
792 911 870 952 1106
892 912 954 952 vir
978 927 1166 953 summus
1194 918 1322 967 atque
1345 912 1503 967 optime
1525 913 1576 954 de
1605 928 1699 955 mea

89 975 226 1016 salute
248 975 423 1016 meritus
445 974 638 1030 accipiat,
662 980 709 1016 ut
730 990 755 1016 a
776 991 842 1017 me
864 976 1046 1024 dicitur3
1081 977 1218 1018 dicam
1247 977 1415 1032 quidem
1444 983 1557 1019 certe
1587 979 1699 1033 quod

89 1040 240 1082 sentio.
304 1040 425 1090 Mihi,
461 1040 623 1081 medius
663 1041 799 1091 fidius,
839 1046 930 1083 tum
972 1043 1023 1082 de
1059 1041 1167 1082 illius
1199 1042 1456 1097 amplissima
1491 1044 1699 1098 dignitate

89 1106 320 1155 detrahere,
338 1121 466 1161 quum
487 1105 603 1146 illum
623 1106 816 1147 maximis
830 1107 1024 1148 laudibus
1039 1107 1250 1154 efferebat,
1267 1108 1499 1150 videbatur.
1540 1109 1697 1150 Utrum

87 1172 258 1212 tandem
282 1171 327 1212 C.
355 1171 520 1212 Marius
552 1171 818 1226 splendidior,
843 1187 972 1227 quum
1001 1187 1096 1213 611111
1127 1173 1375 1217 0.,61311613
1400 1174 1613 1223 laudabat,
1641 1190 1695 1215 an

88 1251 215 1291 quum
244 1237 423 1277 eundem
454 1236 587 1278 iratus
618 1242 767 1292 postea
795 1237 1092 1293 vituperabat?
1121 1254 1174 1279 an
1206 1239 1274 1280 ille
1309 1240 1479 1280 demens
1512 1244 1556 1280 et
1586 1240 1693 1294 jam-

87 1301 249 1356 pridem
277 1302 331 1342 ad
361 1316 541 1356 poenam
562 1301 820 1357 exitiumque
847 1317 1050 1357 praeceps
1072 1303 1234 1344 foedior
1263 1308 1337 1344 aut
1368 1304 1625 1358 inquinatior
1654 1305 1696 1345 in

89 1367 165 1409 Cn.
191 1367 393 1422 Pompeio
415 1368 654 1408 accusando
677 1382 802 1423 quam
832 1368 873 1408 in
902 1368 1095 1409 universo
1118 1374 1267 1410 senatu
1290 1370 1566 1424 vituperando
1588 1370 1696 1411 fuit?

89 1432 200 1487 quod
229 1432 399 1487 quidem
423 1433 562 1483 miror,
588 1448 715 1488 quum
744 1434 925 1474 alterum
952 1439 1123 1489 gratum
1152 1434 1209 1475 sit
1237 1434 1368 1484 iratis,
1393 1435 1571 1476 alterum
1604 1451 1695 1476 esse

87 1503 176 1539 tam
204 1498 325 1538 bonis
353 1498 512 1539 civibus
538 1513 621 1538 non
646 1499 858 1539 acerbum.
922 1498 1005 1539 Sed
1038 1514 1090 1540 ne
1119 1499 1161 1539 id
1189 1500 1300 1541 viros
1329 1500 1511 1555 optimos
1539 1501 1695 1542 diutius

87 1562 282 1610 delectet,
308 1563 453 1618 legant
482 1563 591 1604 hanc
623 1563 713 1617 ejus
745 1563 984 1604 contionem
1016 1564 1068 1604 de
1100 1578 1181 1618 qua
1211 1564 1370 1619 loquor,
1395 1566 1435 1605 in
1464 1580 1545 1620 qua
1569 1565 1694 1606 Pom-

86 1627 227 1682 peium
248 1633 373 1669 ornat
393 1643 447 1669 an
469 1629 610 1683 potius
633 1628 869 1669 deformat?
903 1633 1017 1670 certe
1039 1629 1198 1679 laudat,
1222 1636 1266 1671 et
1286 1646 1415 1670 unum
1437 1646 1529 1672 esse
1555 1631 1596 1671 in
1617 1631 1694 1671 hac

86 1693 256 1734 civitate
285 1693 459 1748 dignum
490 1694 616 1748 hujus
645 1693 805 1748 imperii
834 1694 969 1748 gloria
998 1694 1112 1743 dicit,
1137 1700 1180 1735 et
1207 1695 1419 1749 significat
1447 1711 1492 1737 se
1520 1696 1575 1736 illi
1603 1710 1694 1737 esse

85 1758 395 1809 amicissimum,
420 1765 462 1799 et·
495 1759 880 1800 reconciliationem
912 1759 1075 1814 gratiae
1108 1774 1201 1800 esse
1223 1760 1392 1802 factam.
1457 1761 1578 1813 Quod
1616 1776 1694 1815 ego

85 1838 337 1879 quamquam
360 1824 459 1880 quid
480 1824 538 1866 sit
559 1824 713 1875 nescio,
737 1829 882 1865 tamen
903 1824 983 1865 hoc
1005 1830 1163 1876 statuo,
1188 1825 1313 1875 hunc,
1337 1826 1371 1867 si
1399 1826 1560 1867 amicus
1582 1832 1694 1867 esset

129 1957 181 1987 24.
199 1957 447 1987 dissensionibus
463 1957 600 1996 eorum]
627 1953 755 1993 Caesar,
769 1957 864 1987 Pom-

84 2000 185 2039 peiuS,
212 2000 354 2035 Crassus,
383 2000 453 2029 who
479 2003 511 2029 at
537 2000 607 2029 that
634 2001 712 2030 time
728 2010 809 2031 were
833 2004 866 2031 at

85 2043 227 2072 variance
242 2043 317 2072 with
334 2043 389 2072 the
405 2043 572 2081 optimates
592 2043 800 2082 (Manutius).

128 2086 265 2124 Reliqua
282 2086 355 2122 jam
376 2086 645 2125 praecipitantis]
696 2090 715 2103 ‘⁴
732 2087 758 2115 Ι.
776 2097 802 2116 6.
828 2087 866 2116 ad

84 2129 180 2158 finem
198 2129 327 2158 ruentis.
376 2128 447 2164 Sed,
461 2129 487 2158 si
498 2129 555 2157 tria
570 2132 714 2168 tempora
729 2129 866 2159 indicare

83 2172 184 2201 voluit
208 2175 328 2207 auctor,
354 2171 543 2210 incipientis,
570 2172 752 2207 desinentis,
784 2173 866 2202 finiti

84 2214 284 2249 tribunatus;
309 2214 469 2254 quomodo
494 2215 537 2243 sic
568 2214 654 2253 loqui
685 2215 798 2253 potuit,
830 2219 866 2244 ut

84 2260 210 2297 tempus
235 2260 312 2296 post
347 2258 548 2287 tribunatum
579 2257 637 2286 sub
671 2257 768 2286 altero
799 2257 864 2294 illo,

83 2302 208 2339 reliqua
225 2302 478 2340 praecipitantis
501 2301 695 2334 tribunatus,
722 2310 864 2339 compre-

82 2343 222 2373 hendere
261 2344 429 2373 videatur?
490 2343 582 2372 Mera
612 2343 754 2381 stribligo
785 2342 865 2373 est'’

84 2386 213 2427 (Wolf).
260 2390 267 2403 ⁴
283 2387 495 2425 Praecipitans
506 2386 686 2415 tribunatus
700 2386 707 2399 '
724 2387 749 2416 is
762 2396 780 2415 a
796 2396 864 2416 cor-

82 2433 148 2459 rect
172 2430 362 2469 expression,
382 2430 396 2459 I
415 2430 543 2459 believe.
591 2429 622 2459 It
638 2430 664 2459 is
680 2439 740 2458 one
763 2429 799 2458 of
811 2429 865 2459 the

83 2473 312 2502 Declamator’s
335 2476 367 2502 at
392 2473 489 2502 least:
521 2473 779 2511 “praecipitante
799 2473 863 2511 jam

83 2518 116 2545 et
163 2516 327 2546 debilitato
368 2515 622 2546 tribunatu.'’—‘
637 2515 864 2545 obtrectatores

83 2568 190 2588 eorum
206 2559 225 2588 :’
251 2559 374 2589 “those
401 2559 504 2588 whom
524 2559 539 2589 I
564 2559 643 2588 have
667 2559 754 2588 often
775 2569 864 2588 111611-

83 2602 201 2637 ῒ10116ἀ,
219 2602 364 2638 Bibulus,
393 2602 483 2639 Cato,
510 2602 706 2632 Domitius''
732 2601 863 2642 (Manu-

82 2645 146 2674 tius
167 2668 173 2673 .

132 2643 264 2726 [ineam]
286 2687 445 2727 caussam]
496 2688 534 2718 G.
553 2687 590 2717 E.
614 2688 662 2718 M.
683 2688 762 2718 have
780 2691 861 2718 ‘me-

83 2730 158 2760 am.'
215 2730 229 2759 1
258 2730 297 2759 do
323 2735 378 2759 not
404 2730 597 2760 understand
628 2731 772 2761 it.—‘ne
799 2732 862 2770 pri-

83 2776 175 2803 vatus
205 2773 319 2802 655618
345 2773 385 2802 116
410 2773 472 2802 had
497 2773 575 2803 been
602 2774 721 2804 elected
751 2774 861 2804 aedile.

85 2819 104 2833 ‘⁴
121 2816 182 2845 For
197 2825 230 2845 as
253 2816 328 2854 they
344 2816 504 2845 contrived
528 2820 560 2846 to
577 2816 655 2846 have
671 2817 726 2847 the
743 2820 750 2833 ⁴
765 2818 862 2847 comi-

83 2859 128 2888 tia
141 2858 147 2871 ’
159 2858 232 2888 held
245 2858 350 2888 before
364 2858 503 2888 Clodius'
514 2859 595 2895 trial,
613 2860 688 2899 they
705 2860 780 2889 took
794 2871 863 2890 care

84 2906 117 2931 to
128 2902 205 2931 have
216 2901 281 2930 him
292 2901 410 2931 elected
422 2901 541 2931 Aedilis
554 2902 679 2932 Curulis
691 2902 711 2915 '’
729 2902 861 2943 (Manu-

83 2944 172 2985 tius).
218 2944 296 2974 This
312 2954 375 2974 was
390 2948 422 2974 to
446 2948 578 2984 prevent
600 2945 648 2976 his
665 2945 736 2976 trial
752 2946 863 2985 taking

910 1957 1008 1997 place.
1057 1957 1140 1987 How
1165 1957 1242 1987 then
1268 1957 1359 1987 could
1387 1958 1427 1987 he
1452 1957 1492 1987 be
1510 1957 1695 1988 threatened

910 2001 986 2030 with
1003 2010 1021 2030 a
1037 2001 1117 2035 trial,
1134 2010 1167 2030 as
1181 2001 1220 2030 he
1236 2001 1262 2030 is
1279 2001 1311 2030 in
1328 2011 1354 2031 6.
1372 2002 1403 2036 4,
1420 2004 1495 2030 note
1509 2002 1519 2030 ?

954 2043 1044 2082 sinu]
1094 2044 1166 2074 Nic.
1184 2044 1356 2083 Angelius:
1383 2047 1390 2060 ‘
1403 2048 1515 2074 senatu
1529 2043 1537 2057 '
1555 2044 1591 2074 C.

960 2086 1114 2126 Glaucia]
1166 2087 1218 2117 He
1248 2098 1310 2117 was
1335 2090 1368 2116 at
1394 2088 1463 2117 first
1488 2098 1505 2116 a
1528 2087 1630 2116 friend
1661 2087 1697 2116 of

912 2129 948 2160 C.
981 2129 1115 2165 Marius,
1155 2130 1337 2159 afterwards
1375 2140 1415 2159 an
1454 2140 1578 2169 enemy.
1640 2130 1692 2159 He

910 2172 1055 2211 perished
1072 2173 1147 2201 with
1164 2173 1218 2202 the
1235 2173 1361 2202 tribune
1385 2173 1585 2202 Saturninus.
1634 2173 1693 2202 See

910 2215 966 2244 the
996 2215 1212 2244 introduction
1243 2219 1276 2244 to
1312 2216 1367 2245 the
1398 2216 1520 2245 oration
1561 2216 1621 2246 Pro
1653 2217 1690 2246 C.

911 2257 1051 2292 Rabirio,
1069 2257 1140 2287 Vol.
1160 2258 1206 2288 II.
1225 2259 1298 2293 472.

955 2300 1022 2330 Sed
1045 2310 1084 2329 ne
1110 2301 1145 2329 z'a'
1161 2322 1168 2330 .
1187 2323 1194 2330 .
1214 2323 1221 2330 .
1247 2300 1410 2339 delectet‚]
1462 2301 1567 2331 “Scil.
1592 2302 1691 2331 Pom-

903 2344 1015 2382 peiam
1043 2353 1061 2372 a
1091 2343 1200 2373 Clodio
1228 2345 1418 2382 vilaperari,
1449 2348 1485 2373 ut
1511 2348 1595 2374 recte
1617 2344 1691 2374 sub-

909 2386 997 2415 audit
1013 2386 1188 2422 Manutius,
1206 2386 1259 2416 sed
1284 2386 1443 2422 divinitus,
1461 2397 1525 2416 non
1548 2398 1586 2417 ex
1610 2387 1692 2417 bene

909 2429 1014 2458 vincto
1035 2439 1190 2458 sermone.
1236 2429 1325 2459 Nihil
1348 2440 1419 2459 vero
1441 2430 1606 2460 absurdius
1632 2434 1689 2466 est,

909 2482 1003 2511 quam
1022 2471 1105 2511 quod
1133 2472 1283 2501 invitatur
1311 2473 1445 2502 Senatus
1461 2473 1500 2502 ad
1526 2474 1690 2512 leyendam

914 2515 1019 2545 Clodii
1036 2516 1228 2551 concionem,
1247 2525 1339 2554 quam
1357 2520 1464 2545 tamen
1476 2517 1570 2546 modo
1583 2517 1690 2556 paucis

909 2562 982 2587 ante
998 2557 1093 2592 horis5
1111 2557 1252 2587 habitam
1269 2568 1364 2597 supra
1381 2559 1525 2588 finxerat.
1573 2559 1688 2588 Memi-

909 2601 996 2630 nitne
1028 2601 1230 2630 Declamator
1260 2611 1293 2630 se
1315 2600 1356 2640 (c.
1379 2602 1413 2641 4)
1440 2602 1565 2637 dixisse,
1591 2602 1633 2631 ad
1658 2611 1691 2631 se

909 2644 1048 2674 delatam
1071 2645 1260 2679 concionem,
1279 2644 1363 2682 quod
1388 2654 1481 2673 nemo
1509 2644 1548 2674 de
1568 2645 1690 2683 seriptis

907 2687 1139 2725 exemplaribus
1161 2687 1338 2725 acceperit?
1363 2696 1401 2716 311
1418 2687 1565 2726 opinatus
1582 2692 1640 2722 est,
1657 2687 1689 2716 in

907 2731 1014 2770 paucis
1030 2729 1141 2759 diebus
1165 2729 1258 2759 talem
1284 2730 1455 2758 orationem
1479 2729 1563 2768 apud
1579 2740 1689 2759 omnes

909 2774 1015 2803 Sosios
1032 2773 1063 2802 in
1081 2773 1234 2802 columnis
1251 2772 1426 2810 expositam
1444 2772 1539 2801 fuisse
1554 2773 1566 2801 ?
1613 2772 1689 2801 Noli

908 2816 1098 2856 suspicacior
1133 2825 1219 2845 esse:
1260 2815 1337 2844 nihil
1384 2815 1527 2844 meminit
1574 2814 1687 2844 Decla-

908 2864 1029 2896 mator;
1066 2858 1183 2888 oblitus
1220 2862 1267 2888 est
1296 2862 1329 2887 et
1367 2858 1427 2886 loci
1467 2862 1499 2887 et
1536 2858 1688 2897 temporis

907 2903 1019 2932 harum
1036 2912 1191 2940 nugarum
1208 2911 1335 2930 suarum
1348 2900 1368 2913 ⁷'
1388 2899 1517 2940 (Wolf).

951 2948 1056 2976 tamen
1074 2946 1133 2975 lzoc
1148 2948 1266 2981 statuo,
1284 2945 1379 2979 lianc,
1399 2945 1427 2973 si
1443 2944 1564 2973 amicus
1588 2943 1682 2983 esset]
