2002 3235
809 200 943 242 OAP.
976 202 1015 251 5,
1050 201 1089 242 6.
1656 203 1739 248 357

131 314 287 356 fames:
335 329 419 355 non
451 318 518 355 est
553 313 684 355 satis:
723 313 838 355 facta
876 314 1078 370 lapidatio
1115 318 1193 355 est.
1257 313 1302 354 Si
1338 329 1391 355 ex
1422 314 1565 355 dolore
1595 315 1732 370 plebei

131 379 243 420 nullo
276 379 479 420 incitante
511 394 711 435 magnum
750 379 930 428 malum;
980 380 1015 420 si
1054 380 1104 420 P.
1139 379 1273 421 Clodii
1302 379 1495 434 impulsu,
1533 380 1738 421 usitatum

132 443 311 485 hominis
333 444 556 486 facinorosi
578 445 711 485 scelus
729 461 740 492 ;
775 445 809 485 si
835 450 1071 500 utrumque,
1096 449 1144 486 ut
1165 449 1209 485 et
1230 460 1296 485 res
1324 449 1438 486 esset
1459 460 1508 486 ea
1537 459 1642 499 qnae
1664 459 1740 485 sua

132 514 280 565 sponte
310 510 592 552 multitudinis
623 509 784 551 animos
812 510 1023 560 incitaret,
1049 515 1093 551 et
1118 510 1258 565 parati
1288 515 1417 564 atque
1453 509 1604 550 armati
1633 509 1740 550 sedi-

131 575 260 617 tionis
291 575 430 626 duces,
458 575 677 616 videturne
713 575 806 631 ipsa
842 591 908 616 res
939 576 1108 631 publica
1141 580 1185 617 et
1218 575 1402 616 consulis
1432 574 1634 615 auxilium
1665 574 1740 614 im-

133 641 319 696 plorasse
333 646 376 682 et
397 646 568 682 senatus
581 641 734 682 fidem?
795 641 959 696 Atquin
981 646 1203 696 utrumque
1224 640 1352 681 fuisse
1368 640 1636 695 perspicuum
1659 644 1737 688 est,

135 707 424 748 difficultatem
460 721 649 747 annonae
690 721 980 761 summamque
1013 706 1197 761 inopiam
1237 705 1297 746 rei
1338 704 1649 755 frumentariae,
1693 708 1742 745 ut

134 771 324 812 homines
346 787 429 812 non
453 772 542 826 jam
573 772 816 813 diuturnam
849 771 1083 820 caritatem,
1108 771 1182 812 sed
1204 775 1252 811 ut
1284 770 1437 811 famem
1468 769 1590 825 plane
1621 769 1742 810 time-

134 842 243 878 rent.
305 837 440 878 Nemo
480 842 621 892 negat.
685 837 812 877 Hanc
843 836 972 877 istum
1006 836 1081 876 otii
1114 841 1157 877 et
1193 835 1311 891 pacis
1350 836 1515 876 hostem
1549 849 1741 876 caussam

135 907 402 957 arrepturum
437 903 563 944 fuisse
597 904 650 943 ad
684 901 888 952 incendia,
927 902 1112 950 caedem,
1146 901 1327 956 rapinas,
1366 902 1475 950 nolo,
1508 900 1740 956 pontifices,

135 967 412 1023 suspicemini,
449 968 528 1008 nisi
549 967 751 1008 videritis.
815 966 897 1019 Qui
925 973 1024 1007 sunt
1056 966 1246 1007 homines
1269 981 1294 1006 a
1328 965 1377 1018 Q
1403 966 1579 1007 Metello
1611 965 1743 1006 fratre

135 1038 210 1076 tuo
244 1033 413 1074 consule
449 1033 492 1073 in
527 1038 678 1074 senatu
710 1032 847 1088 palam
877 1031 1095 1082 nominati,
1126 1047 1150 1072 a
1172 1031 1325 1086 quibus
1361 1031 1428 1072 ille
1459 1046 1504 1072 se
1537 1030 1743 1086 lapidibus

136 1097 382 1152 appetitum,
406 1097 533 1139 etiam
555 1111 802 1153 percussum
816 1111 908 1137 esse
926 1096 1064 1138 dixit?
1128 1096 1176 1137 L.
1193 1096 1389 1152 Sergium
1411 1100 1455 1137 et
1479 1096 1542 1137 M.
1566 1095 1743 1136 Lollium

137 1162 382 1204 nominavit.
445 1163 548 1215 Quis
575 1167 641 1203 est
673 1162 754 1203 iste
779 1161 965 1202 Lollius?
996 1161 1067 1216 qui
1096 1161 1185 1202 sine
1212 1161 1324 1202 ferro
1355 1175 1407 1201 ne
1433 1175 1543 1201 nunc
1575 1160 1744 1215 quidem

137 1234 280 1271 tecum
307 1233 401 1277 est3
437 1228 506 1284 qui
533 1233 577 1270 te
602 1228 770 1269 tribuno
803 1226 947 1282 plebis,
972 1226 1074 1267 nihil
1107 1227 1159 1267 de
1190 1241 1257 1267 me
1286 1226 1436 1275 dicam,
1467 1226 1541 1267 sed
1573 1225 1642 1280 qui
1666 1225 1742 1266 Gn.

140 1294 390 1350 Pompeium
420 1293 755 1335 interficiendum
784 1292 1043 1347 depoposcit.
1107 1291 1211 1344 Quis
1240 1296 1306 1332 est
1329 1291 1531 1346 Sergius?
1561 1290 1744 1344 armiger

140 1359 356 1408 Catilinae,
399 1358 582 1414 stipator
634 1358 696 1399 tui
743 1357 944 1412 corporis,
992 1356 1165 1411 signifer
1216 1356 1449 1405 seditionis,
1505 1355 1744 1396 concitator

138 1424 486 1473 tabernariorum,
545 1424 770 1463 damnatus
819 1421 1077 1476 injuriarum,
1121 1436 1355 1476 percussor,
1403 1420 1621 1475 lapidator,
1664 1420 1742 1460 fori

140 1490 427 1545 depopulator,
451 1490 645 1529 obsessor
676 1487 827 1529 curiae.
893 1486 974 1527 His
1006 1491 1134 1541 atque
1160 1485 1366 1541 ejusmodi
1403 1486 1591 1533 ducibus,
1616 1499 1743 1540 quum

139 1560 186 1596 tu
208 1554 249 1594 in
270 1569 460 1594 annonae
481 1553 659 1594 caritate
681 1553 723 1592 in
744 1551 949 1601 consules,
974 1551 1016 1590 in
1044 1555 1251 1600 senatum,
1276 1550 1318 1590 in
1341 1551 1450 1591 bona
1470 1551 1743 1604 fortunasque

138 1619 410 1674 locupletium
451 1633 525 1673 per
565 1632 758 1658 caussam
794 1617 965 1671 inopum
1005 1620 1135 1671 atque
1170 1616 1461 1670 imperitorum
1501 1615 1743 1670 repentinos

140 1684 322 1739 impetus
344 1697 621 1738 comparares,
644 1697 771 1737 quum
794 1681 870 1721 tibi
893 1680 1005 1721 salus
1019 1695 1111 1721 esse
1133 1681 1175 1720 in
1197 1681 1282 1721 otio
1304 1680 1416 1720 nulla
1437 1685 1594 1735 posset,
1616 1694 1743 1735 quum

142 1748 375 1804 desperatis
397 1748 572 1788 ducibus
604 1747 845 1788 decuriatos
867 1760 916 1786 ac
946 1746 1182 1800 descriptos
1203 1746 1379 1786 haberes
1411 1745 1621 1786 exercitus
1652 1760 1743 1800 per-

141 1815 336 1863 ditorum,
360 1829 496 1854 nonne
517 1813 822 1869 providendum
843 1811 1006 1852 senatui
1033 1811 1126 1860 fuit,
1150 1826 1201 1851 ne
1230 1811 1271 1851 in
1294 1811 1400 1852 hanc
1422 1815 1587 1852 tantam
1612 1816 1744 1852 mate-

141 1880 245 1922 riem
266 1880 484 1921 seditionis
505 1879 589 1920 ista
609 1880 776 1919 funesta
798 1878 869 1918 fax
890 1877 1242 1918 adhaeresceret?

202 1944 284 1986 VI.
330 1945 433 1986 Fuit
472 1944 600 1999 igitur
636 1958 787 1985 caussa
830 1941 1022 1998 capiendi
1062 1942 1157 1983 novi
1198 1942 1372 1983 consilii.
1436 1941 1594 1983 Videte
1633 1956 1743 1982 nunc

141 2009 350 2051 fuerintne
381 2014 525 2064 partes
560 2023 677 2049 meae
712 2023 844 2063 paene
876 2007 1137 2062 praecipuae.
1201 2007 1335 2058 Quem
1365 2011 1457 2047 tum
1484 2006 1657 2062 Sergius
1678 2007 1745 2048 ille

142 2080 253 2124 tuus,
279 2088 401 2129 quem
426 2073 596 2123 Lollius,
621 2088 743 2128 quem
772 2077 937 2113 ceterae
960 2077 1101 2127 pestes
1122 2072 1163 2112 in
1184 2072 1438 2126 lapidatione
1460 2072 1529 2112 illa
1560 2072 1744 2113 nomina-

143 2141 276 2181 bant?
322 2154 445 2194 quem
476 2153 684 2178 annonam
717 2141 932 2192 praestare
973 2141 1166 2190 oportere
1207 2136 1432 2177 dicebant?
1472 2151 1608 2178 nonne
1648 2138 1746 2178 me?

145 2204 256 2257 Quid
286 2218 509 2259 puerorum
540 2203 609 2243 illa
639 2201 906 2243 concursatio
938 2205 1160 2250 nocturna,
1195 2215 1277 2241 non
1309 2216 1334 2241 a
1355 2206 1398 2242 te
1423 2201 1514 2256 ipso
1547 2201 1745 2243 instituta

185 2329 310 2367 Atquin
329 2350 335 2357 .
349 2350 356 2357 .
369 2350 376 2357 .
394 2326 517 2365 neyat]
549 2326 652 2356 Baiter
664 2326 769 2365 points
785 2325 809 2355 it
825 2325 918 2354 thus:

144 2373 152 2388 ⁴
166 2371 287 2410 Atquin
305 2393 312 2400 .
331 2394 338 2400 .
357 2394 364 2400 .
382 2370 583 2410 perspicuum
611 2373 677 2398 est:
702 2368 919 2398 difficultatem

121 2445 124 2448 ,
145 2437 153 2444 .
172 2437 180 2444 .
198 2438 204 2444 .
219 2414 382 2486 (ῒίἰᾳέθΐθῐιῑ,
396 2423 490 2443 nemo
505 2416 599 2452 negat
610 2411 630 2449 ς’
656 2412 757 2441 which
773 2411 848 2441 does
864 2415 920 2441 not

143 2467 217 2487 men
254 2467 263 2486 1
281 2480 288 2487 .

188 2501 242 2538 qui
256 2500 312 2529 Cn.
323 2499 512 2537 Pompeium
524 2521 531 2528 .
545 2521 551 2528 .
565 2521 572 2528 .
584 2497 795 2537 depoposcit]
833 2496 924 2527 Wolf

144 2542 284 2572 remarks
307 2542 376 2571 that
392 2542 500 2572 Cicero
524 2541 627 2580 forgot
643 2545 676 2570 to
692 2541 833 2570 mention
856 2540 919 2569 this

143 2585 177 2614 in
201 2585 256 2614 the
279 2585 401 2613 oration
419 2585 478 2614 Pro
496 2585 626 2619 Milone,
652 2594 678 2614 c.
699 2585 747 2619 14,
772 2583 834 2613 and
854 2583 919 2613 also

144 2628 301 2658 Asconius
316 2627 349 2656 in
366 2627 413 2656 his
429 2630 519 2656 notes
535 2628 634 2656 there.

189 2672 367 2700 concitator
394 2669 680 2708 tabernariorum‚]
730 2671 749 2685 “
763 2669 831 2698 The
848 2679 921 2698 man

144 2713 215 2742 who
236 2712 348 2742 stirred
372 2722 413 2750 up
437 2712 491 2741 the
514 2712 756 2751 shopkeepers’'
782 2715 815 2741 to
839 2712 920 2748 riot3

145 2756 215 2784 who
232 2754 344 2784 stirred
360 2764 402 2793 up
418 2754 473 2784 the
488 2755 599 2793 people
615 2755 684 2784 who
704 2754 779 2784 used
795 2758 829 2784 to
846 2755 921 2784 shut

145 2798 227 2827 their
254 2798 349 2836 shops
375 2797 466 2826 when
487 2798 541 2827 the
564 2798 641 2827 riots
666 2798 766 2836 began
793 2800 827 2827 to
850 2807 922 2827 save

145 2841 228 2870 their
254 2842 414 2879 property,
441 2840 545 2869 whose
575 2841 732 2870 existence
757 2840 921 2879 depended

146 2893 187 2912 on
204 2883 339 2921 keeping
355 2883 452 2921 quiet.
476 2883 540 2912 But
552 2883 606 2912 the
617 2883 722 2912 writer
737 2883 809 2922 only
826 2883 922 2922 heaps

145 2925 246 2956 words
269 2935 311 2955 on
333 2935 393 2955 one
415 2925 558 2962 another,
574 2926 628 2955 the
647 2935 734 2955 more
750 2925 803 2955 the
819 2925 923 2955 better

964 2323 1013 2353 for
1039 2323 1115 2352 him.
1163 2323 1204 2352 So
1230 2323 1270 2352 he
1297 2323 1374 2353 adds
1399 2324 1586 2355 ‘damnatus
1610 2325 1742 2364 injuria-

964 2377 1033 2396 rum
1047 2366 1065 2402 ς’
1082 2376 1123 2396 no
1140 2369 1228 2405 great
1243 2369 1357 2396 matter
1372 2367 1404 2396 in
1426 2377 1444 2396 a
1467 2378 1540 2397 man
1558 2368 1627 2398 who
1644 2379 1705 2398 was
1724 2379 1743 2398 a

966 2409 1114 2448 ‘signifer
1148 2409 1332 2445 seditionis,’
1363 2420 1381 2439 a
1405 2410 1486 2439 ‘fori
1509 2410 1740 2450 depopulator,'

964 2453 1034 2482 who
1059 2452 1133 2481 shut
1157 2462 1199 2490 up
1227 2452 1282 2481 the
1306 2452 1428 2481 ‘curia’
1454 2453 1527 2487 and,
1552 2454 1567 2483 Ι
1592 2464 1741 2493 suppose,

964 2496 1055 2525 those
1071 2494 1140 2523 who
1156 2504 1236 2523 were
1252 2494 1284 2523 in
1300 2495 1324 2524 it
1348 2495 1434 2534 (Vol.
1454 2496 1499 2525 II.
1518 2496 1578 2526 Pro
1595 2496 1740 2533 Caecina,

964 2549 990 2568 c.
1011 2539 1059 2573 12,
1077 2542 1150 2567 note
1166 2547 1207 2566 on
1225 2540 1231 2551 ¹
1243 2537 1427 2576 injuriarum
1441 2537 1476 2577 ’).

1007 2582 1036 2611 6.
1057 2580 1250 2619 puerorum]
1292 2580 1360 2609 The
1377 2581 1476 2610 slaves
1492 2581 1594 2611 whom
1612 2581 1741 2612 Clodius

964 2625 990 2654 is
1016 2623 1081 2652 said
1102 2627 1135 2653 to
1159 2623 1238 2652 have
1260 2623 1382 2652 excited
1406 2626 1439 2652 to
1462 2624 1617 2653 assemble
1638 2625 1669 2653 in
1686 2624 1741 2653 the

964 2667 1066 2705 night.
1114 2666 1152 2695 In
1177 2666 1230 2695 the
1251 2670 1314 2695 rest
1334 2665 1368 2694 of
1388 2666 1442 2694 the
1466 2670 1613 2696 sentence
1631 2667 1645 2696 I
1663 2667 1742 2695 have

965 2709 1110 2739 followed
1142 2709 1258 2743 Baiter,
1297 2708 1367 2737 who
1401 2707 1521 2737 follows
1555 2709 1740 2738 Lambinus.

965 2753 1056 2782 Wolf
1075 2752 1154 2781 after
1171 2751 1297 2781 Ernesti
1318 2751 1373 2780 has
1392 2754 1574 2787 ‘nocturna‚
1592 2754 1660 2780 tum
1676 2762 1695 2780 a
1710 2754 1742 2781 te

965 2797 1034 2835 ipso
1050 2795 1217 2824 instituta?
1254 2794 1309 2824 Me
1324 2794 1518 2822 frumentum
1533 2794 1740 2832 flagitabant?

967 2839 1077 2868 Cicero
1108 2837 1169 2867 had
1201 2847 1241 2866 no
1274 2836 1433 2871 ‘curarim'
1465 2836 1565 2865 which
1596 2846 1658 2865 was
1688 2837 1743 2867 the

966 2891 1059 2911 name
1079 2881 1170 2919 given
1193 2883 1226 2909 to
1249 2880 1303 2909 the
1326 2880 1414 2908 office
1432 2878 1467 2907 of
1486 2888 1545 2908 one
1562 2879 1631 2908 who
1648 2889 1709 2909 was
1725 2890 1743 2910 a

968 2923 1133 2960 ‘cu1·ator‚’
1166 2923 1243 2953 such
1269 2932 1302 2952 as
1329 2932 1347 2952 a
1372 2924 1516 2952 ‘curator
1539 2920 1680 2959 viarum‚’
1712 2923 1749 2955 of
