2002 3235
763 204 898 246 OAP.
931 205 998 253 26,
1034 206 1100 247 27.
1650 211 1731 251 389

127 331 229 358 mur.
293 316 536 372 Eodemque
568 317 740 359 consilio
766 317 829 358 M.
845 317 995 367 Bibuli,
1019 317 1238 359 fortissimi
1259 317 1347 367 viri,
1371 325 1544 362 senatus
1566 326 1732 362 senten-

128 382 231 423 tiam
272 387 444 423 secutus
485 388 564 431 est,
607 387 655 424 ut
694 397 769 423 vos
811 383 861 423 de
902 397 997 424 mea
1037 383 1162 424 domo
1203 383 1476 431 statueretis;
1526 399 1609 425 non
1651 401 1733 442 quo

128 447 340 488 dubitaret
371 448 471 503 quin
506 448 559 488 ab
594 447 675 488 isto
709 447 810 488 nihil
846 447 1022 503 legibus,
1055 448 1157 488 nihil
1189 448 1471 503 religionibus,
1509 450 1610 490 nihil
1638 451 1733 505 jure

127 518 241 554 esset
261 518 415 564 actum,
435 513 509 554 sed
531 528 583 554 ne
606 513 699 568 quis
716 513 897 554 oriretur
909 513 1133 568 aliquando
1156 514 1197 554 in
1219 518 1341 555 tanta
1362 515 1558 556 ubertate
1581 516 1733 571 impro-

126 579 287 628 borum,
321 578 391 633 qui
424 578 465 618 in
497 578 601 619 meis
631 579 807 619 aedibus
849 578 1030 633 aliquam
1061 579 1305 633 religionem
1337 579 1520 620 residere
1561 580 1732 622 diceret.

128 642 237 683 Nam
258 643 393 698 legem
414 643 581 698 quidem
598 643 723 685 istam
744 643 901 684 nullam
918 658 1022 692 esse,
1043 644 1387 699 quotiescumque
1405 645 1455 685 de
1472 660 1538 686 me
1560 651 1733 687 senatus

126 708 381 750 sententiam
403 709 521 758 dixit,
544 709 673 750 toties
682 709 899 764 judicavit,
925 709 1121 764 quoniam
1144 709 1312 764 quidem
1334 710 1495 765 scripto
1518 711 1587 751 illo
1610 711 1734 753 istius

125 773 380 814 sententiam
397 773 536 814 dicere
558 775 792 816 vetabatur.
856 774 1001 829 Atque
1023 774 1131 815 hanc
1152 790 1240 816 rem
1262 790 1337 830 par
1358 775 1458 816 illud
1475 776 1607 817 simile
1632 777 1733 817 Piso

125 844 167 880 et
191 838 396 880 Gabinius
413 839 525 880 vidit.
589 839 796 880 Homines
817 839 956 894 legum
969 839 1308 895 judiciorumque
1330 846 1580 890 metuentes,
1605 857 1733 897 quum

123 903 488 959 frequentissimus
509 910 682 945 senatus
710 919 781 945 eos
803 910 851 944 ut
874 905 925 945 de
953 919 1020 945 me
1050 905 1256 946 referrent
1287 907 1476 961 quotidie
1504 908 1729 961 flagitaret,

124 983 207 1009 non
229 983 274 1009 se
295 983 382 1009 rem
409 969 646 1024 improbare
669 969 878 1019 dicebant,
902 969 975 1009 sed
996 969 1088 1024 lege
1110 969 1232 1010 istius
1254 970 1459 1025 impediri.
1524 972 1631 1012 Erat
1652 972 1732 1013 hoc

123 1048 279 1075 verum.
342 1033 450 1074 Nam
484 1033 833 1089 impediebantur,
867 1049 1012 1075 verum
1046 1049 1094 1075 ea
1133 1035 1225 1089 lege
1259 1050 1383 1090 quam
1420 1035 1530 1077 idem
1562 1037 1644 1078 iste
1680 1038 1732 1079 de

126 1098 379 1139 Macedonia
403 1099 606 1154 Syriaque
627 1099 797 1140 tulerat.
1576 1123 1592 1136 ·

182 1163 397 1206 XXVII.
444 1164 568 1205 Hanc
605 1172 662 1213 tn,
698 1164 748 1205 P.
786 1164 977 1215 Lentule,
1011 1180 1146 1220 neque
1181 1165 1373 1220 privatus
1409 1181 1544 1222 neque
1585 1168 1731 1208 consul

121 1228 259 1284 legem
292 1244 385 1270 esse
426 1244 626 1284 umquam
666 1230 842 1284 putasti.
907 1230 1016 1270 Nam
1057 1230 1237 1271 tribunis
1277 1231 1410 1285 plebis
1451 1232 1730 1273 referentibus

123 1294 377 1335 sententiam
408 1295 459 1335 de
489 1309 556 1334 me
590 1295 836 1349 designatus
871 1296 1017 1335 consul
1058 1310 1184 1350 saepe
1215 1295 1387 1337 dixisti:
1437 1311 1490 1337 ex
1524 1296 1729 1338 Kalendis

123 1359 351 1409 Januariis,
387 1360 525 1414 quoad
556 1359 742 1414 perfecta
772 1374 839 1400 res
870 1364 947 1410 est,
971 1360 1022 1400 de
1043 1375 1110 1401 me
1141 1360 1356 1409 rettulisti,
1380 1361 1516 1416 legem
1547 1362 1728 1416 promul-

121 1425 247 1480 gasti,
270 1424 403 1465 tulisti
423 1442 432 1472 ;
469 1439 647 1479 quorum
668 1424 758 1475 tibi,
783 1425 818 1465 si
841 1430 953 1465 esset
974 1425 1043 1465 illa
1063 1425 1143 1476 lex,
1168 1425 1268 1466 nihil
1293 1425 1452 1467 liceret.
1516 1426 1579 1467 At
1601 1427 1729 1468 etiam

124 1490 174 1542 Q.
201 1490 412 1540 Metellus,
438 1490 596 1544 collega
618 1494 728 1539 tuus,
754 1489 1009 1530 clarissimus
1026 1490 1099 1539 vir,
1124 1505 1250 1545 quam
1271 1491 1407 1546 legem
1429 1506 1519 1532 esse
1538 1492 1728 1534 homines

120 1554 362 1595 alienissimi
393 1570 418 1596 a
455 1555 505 1596 P.
530 1555 676 1596 Clodio
704 1554 960 1609 judicarent,
998 1555 1099 1596 Piso
1132 1561 1175 1597 et
1207 1556 1425 1607 Gabinius,
1450 1572 1541 1598 eam
1573 1558 1728 1599 nullam

121 1634 212 1661 esse
232 1620 364 1661 frater
391 1620 441 1660 P.
465 1620 611 1669 Clodii,
637 1634 763 1674 quum
786 1620 837 1660 de
868 1635 935 1661 me
965 1621 1018 1660 ad
1040 1626 1236 1662 senatum
1264 1626 1405 1662 tecum
1426 1637 1509 1663 una
1544 1624 1725 1674 rettulit,

115 1685 335 1739 judicavit.
399 1685 483 1725 Sed
505 1699 603 1725 vero
619 1684 702 1735 isti,
727 1685 798 1740 qui
816 1685 950 1726 Clodii
972 1685 1085 1740 leges
1107 1685 1351 1737 timuerunt,
1375 1688 1727 1741 quemadmodum

120 1755 284 1791 ceteras
331 1751 635 1791 observarunt?
708 1751 890 1792 Senatus
945 1750 1124 1805 quidem,
1168 1752 1288 1806 cujus
1329 1757 1394 1792 est
1434 1753 1727 1806 gravissimum

115 1815 319 1870 judicium
341 1816 392 1856 de
416 1816 511 1870 jure
532 1806 683 1870 legum,
708 1816 1056 1870 quotiescumque
1083 1816 1134 1856 de
1166 1832 1233 1857 me
1256 1817 1471 1858 consultus
1497 1823 1574 1867 est,
1599 1819 1728 1860 toties

121 1895 213 1921 eam
243 1881 396 1920 nullam
428 1895 519 1922 esse
545 1881 764 1935 judicavit.
828 1881 950 1933 Quod
982 1881 1093 1921 idem
1125 1886 1183 1931 tu,
1222 1881 1413 1932 Lentule,
1438 1883 1577 1924 vidisti
1609 1884 1649 1923 111
1677 1899 1726 1924 ea

121 1945 212 1999 lege
234 1960 357 2000 quam
381 1947 431 1986 de
467 1961 532 1986 me
554 1945 703 1987 tulisti.
766 1946 876 1986 Nam
900 1961 985 1986 non
1016 1951 1083 1987 est
1104 1946 1165 1987 ita
1192 1947 1325 1988 latum
1347 1952 1395 1988 ut
1417 1948 1517 1988 mihi
1547 1949 1725 1989 Romam

121 2009 260 2050 venire
282 2010 440 2059 liceret,
464 2011 537 2050 sed
561 2024 615 2050 UT
640 2024 870 2053 VENIREM.
934 2011 1030 2051 Non
1045 2011 1153 2052 enim
1175 2012 1358 2062 voluisti,
1375 2013 1415 2053 id
1433 2014 1543 2068 quod
1557 2014 1723 2064 licebat,

120 2074 228 2115 ferre
249 2078 298 2115 ut
318 2074 491 2122 liceret,
526 2075 599 2115 sed
630 2090 696 2116 me
726 2075 787 2119 ita
809 2091 902 2117 esse
930 2075 971 2116 in
993 2091 1037 2117 re
1058 2077 1238 2134 publica,
1262 2078 1397 2132 magis
1418 2083 1465 2120 ut
1494 2079 1726 2121 arcessitus

163 2244 284 2282 scripto
301 2243 373 2282 illo]
421 2243 480 2272 See
504 2243 611 2276 Quum
638 2243 779 2278 Senatui,
805 2253 831 2272 c.
859 2245 898 2273 4:
946 2244 1086 2279 Senatui,
1115 2254 1141 2273 c.
1167 2247 1187 2275 2
1210 2245 1272 2274 and
1296 2247 1326 2275 4.
1374 2246 1461 2276 Here
1483 2247 1509 2276 it
1533 2247 1559 2276 is
1588 2248 1723 2287 ‘saepe.’

121 2289 141 2303 “
155 2286 262 2318 Quum
288 2296 306 2315 a
329 2289 368 2315 tr.
392 2286 435 2325 pl.
453 2289 621 2321 vetaretur,
647 2296 743 2325 quum
762 2286 899 2325 praecla-

120 2339 189 2358 rum
216 2332 310 2368 caput
333 2328 551 2365 recitaretur‚’'
572 2332 684 2360 &c.-—‘
697 2330 803 2368 Atque
819 2329 900 2358 hanc

119 2371 219 2402 remz’
246 2375 309 2401 “et
337 2372 387 2401 hic
414 2373 487 2401 licet
511 2373 702 2410 interrogare
730 2381 900 2411 quamnam

120 2425 187 2444 rem
202 2416 217 2445 ?
263 2415 332 2444 Etsi
358 2415 441 2444 enim
466 2415 572 2454 aliqua
595 2415 673 2444 ratio
693 2415 779 2444 reddi
796 2418 900 2453 potest

120 2457 215 2496 hujus
242 2458 420 2496 juncturae,
451 2461 558 2488 tamen
590 2468 658 2487 eam
685 2458 777 2487 nimis
802 2458 900 2495 negli-

120 2505 232 2539 genter
255 2502 366 2530 sactam
392 2511 471 2536 esse,
491 2504 613 2530 attente
636 2501 751 2539 legenti
769 2510 899 2540 appare-

121 2543 199 2572 bit”
238 2543 424 2583 (Wolf).—⁴
439 2544 593 2573 Homines
623 2544 727 2583 legum
741 2543 759 2573 :’
796 2553 898 2582 comp.

122 2586 229 2618 Quum
257 2585 397 2621 Senatui,
423 2596 448 2615 c.
467 2589 505 2617 2:
532 2587 646 2616 “Nam
673 2587 815 2616 consules
833 2597 899 2615 mo-

121 2628 200 2658 desti
218 2629 386 2667 legumque
402 2629 615 2659 metuentes.''
664 2630 714 2659 He
735 2630 761 2659 is
778 2629 852 2659 fond
869 2630 904 2658 of

120 2671 284 2710 repeating
308 2671 356 2700 his
379 2672 461 2709 good
485 2672 601 2710 things.
650 2673 702 2702 He
723 2682 793 2712 says
809 2673 899 2711 again

121 2714 153 2743 in
170 2714 224 2743 the
241 2718 315 2743 next
331 2714 460 2753 chapter
485 2714 525 2754 (c.
543 2715 599 2754 27)
613 2727 619 2744 :
647 2718 666 2732 ‘⁴
680 2717 814 2745 Senatus
831 2715 900 2754 qui-

121 2757 193 2786 dem
212 2778 219 2785 .
237 2778 245 2785 .
264 2778 271 2785 .
289 2757 383 2785 toties
399 2767 467 2786 eam
484 2758 603 2786 nullam
621 2768 688 2787 esse
701 2757 889 2797 judicavit.'’

164 2801 216 2834 27.
242 2800 352 2828 consul
366 2809 458 2838 saepe
475 2800 626 2840 climisti:]
675 2801 726 2830 He
740 2811 820 2840 says,
839 2802 898 2830 Pro

123 2842 235 2877 Sestio,
260 2852 286 2870 c.
313 2843 372 2871 32:
404 2845 422 2858 ‘⁶
437 2842 470 2871 P.
489 2842 644 2872 Lentulus
670 2866 677 2873 .
697 2867 704 2873 .
723 2867 730 2874 .
747 2844 898 2873 tribunis-

121 2885 247 2924 que·pl.
272 2887 343 2913 octo
363 2885 571 2914 referentibus
596 2887 899 2925 praestantissimam

121 2928 161 2957 de
191 2937 241 2957 me
271 2927 458 2958 sententiam
489 2927 602 2958 dixit.’⁷
649 2929 761 2970 Comp.
791 2929 898 2962 Quum

947 2287 998 2315 He
1028 2287 1142 2325 always
1172 2288 1356 2327 multiplices,
1387 2299 1420 2318 as
1447 2289 1548 2319 feeble
1574 2301 1647 2320 men
1671 2291 1722 2321 do.

944 2329 1054 2358 Above
1070 2329 1110 2358 116
1126 2330 1191 2359 said
1209 2330 1501 2369 ‘frequentissimus
1517 2337 1644 2363 senatus
1662 2356 1669 2363 .
1689 2357 1695 2363 .
1716 2357 1723 2364 .

945 2372 1083 2411 quotidie
1095 2372 1115 2408 3’
1141 2372 1198 2402 but
1213 2383 1246 2402 as
1263 2373 1355 2403 Wolf
1368 2384 1447 2414 says,
1465 2376 1520 2405 the
1539 2377 1654 2406 Senate
1669 2377 1723 2406 did

945 2418 1001 2443 not
1018 2419 1101 2444 meet
1117 2426 1207 2454 every
1225 2416 1294 2455 day.
1322 2417 1478 2448 However
1494 2419 1533 2448 he
1546 2429 1616 2458 may
1632 2430 1722 2449 mean

945 2467 1036 2496 every
1053 2457 1113 2497 day
1129 2459 1198 2487 that
1213 2459 1289 2498 they
1305 2459 1358 2488 did
1376 2464 1468 2490 meet.

989 2501 1121 2538 dejure
1144 2502 1277 2540 leyemn]
1328 2504 1400 2533 ‘On
1418 2504 1473 2533 the
1494 2504 1550 2533 law
1568 2504 1604 2533 of
1624 2504 1721 2540 laws,’

946 2543 1015 2573 that
1042 2544 1078 2578 is,
1101 2554 1141 2572 on
1168 2546 1221 2573 the
1243 2544 1368 2584 legality
1394 2547 1429 2575 of
1451 2547 1562 2585 Leges,
1610 2547 1667 2576 See
1694 2558 1720 2578 c,

950 2587 998 2622 14,
1013 2590 1086 2615 note
1099 2596 1140 2615 on
1155 2587 1347 2625 ‘legitimum
1362 2588 1436 2626 jus,’
1451 2589 1512 2619 and
1530 2599 1555 2619 c.
1577 2590 1633 2625 15;
1655 2590 1721 2619 also

948 2629 996 2658 De
1015 2629 1152 2668 Harusp.
1173 2630 1328 2668 Respons.
1349 2641 1374 2660 c.
1392 2633 1443 2666 23,
1461 2641 1502 2661 (111
1520 2632 1573 2661 the
1590 2642 1720 2670 passage

945 2672 976 2701 in
994 2672 1048 2701 the
1067 2672 1125 2701 Pro
1143 2673 1275 2708 Milone,
1293 2682 1318 2701 e.
1337 2674 1366 2707 7.

988 2725 1050 2744 uon
1076 2718 1120 2744 est
1143 2717 1188 2744 ita
1212 2715 1329 2754 latum]
1378 2715 1470 2744 Wolf
1489 2716 1630 2745 remarks
1651 2717 1722 2747 that

944 2757 1053 2787 Cicero
1070 2758 1198 2787 himself
1211 2768 1279 2796 says
1297 2758 1428 2796 nothing
1444 2758 1539 2787 about
1555 2759 1627 2789 this.
1652 2760 1722 2790 Tho

943 2801 1004 2830 end
1021 2800 1055 2829 of
1075 2801 1139 2830 this
1163 2802 1275 2836 clause,
1295 2804 1346 2829 ‘ut
1367 2801 1534 2830 arcessitus
1552 2824 1559 2830 .
1578 2824 1584 2830 .
1604 2825 1611 2831 .
1629 2803 1719 2832 resti-

943 2843 1054 2879 tutus‚’
1081 2844 1106 2872 is
1135 2854 1206 2882 very
1235 2843 1343 2873 t'ceble.
1394 2844 1473 2873 How
1500 2844 1591 2873 could
1616 2845 1656 2874 he
1681 2845 1721 2875 ho

944 2887 1009 2915 said
1027 2890 1033 2902 ‘
1045 2886 1083 2915 ad
1101 2887 1381 2917 administrandam
1406 2896 1472 2918 rem
1496 2887 1652 2928 publicam
1670 2898 1720 2919 ar-

944 2930 1076 2960 cessitus
1089 2929 1111 2961 ?’
