2063 3242
292 165 375 204 288
480 163 659 204 ORAT.
695 163 815 204 PRO
851 163 898 204 L.
925 162 1205 204 VALERIO
1241 162 1479 204 FLACCO
1514 162 1648 205 OAP.
1682 165 1750 204 42.

292 291 372 328 res,
397 277 475 318 sibi
498 282 734 319 ceterorum
757 278 1070 320 commodorum
1092 292 1275 318 summas
1291 277 1541 319 facultates:
1575 277 1702 319 liceat
1722 277 1800 328 his,
1825 277 1896 333 qui

292 343 396 384 haec
417 344 531 384 salva
552 358 643 384 6556
665 345 899 392 voluerunt,
922 343 1023 398 ipsis
1045 358 1136 384 esse
1167 343 1306 383 salvis.
1370 342 1525 393 Nolite,
1545 343 1723 398 judices,
1751 343 1896 385 existi-

294 423 408 449 mare
430 424 501 450 eos
524 409 674 464 quibus
705 409 916 464 integrum
938 412 1016 456 est,
1040 408 1110 463 qui
1132 409 1316 449 nondum
1337 409 1391 449 ad
1413 408 1592 449 honores
1613 413 1893 458 accesserunt,

293 489 376 514 non
398 479 645 530 exspectare
666 474 792 529 hujus
822 473 982 514 exitum
998 473 1159 527 judicii.
1224 473 1268 513 Si
1293 473 1343 514 L.
1368 473 1520 514 Flacco
1549 478 1694 515 tantus
1716 489 1833 515 amor
1854 474 1897 514 in

293 540 426 580 bonos
458 554 614 590 omnes,
645 544 813 580 tantum
843 539 885 579 in
916 554 1004 580 rem
1034 538 1245 593 publicam
1276 539 1463 580 studium
1495 539 1724 580 calamitati
1755 539 1893 589 fuerit,

294 619 418 660 quem
438 606 615 660 posthac
649 610 735 645 tam
763 609 975 646 amentem
999 604 1086 644 fore
1117 603 1278 658 putatis
1301 604 1370 659 qui
1392 619 1476 645 non
1507 604 1619 645 illam
1640 604 1749 645 viam
1770 604 1894 654 vitae,

293 685 418 726 quam
452 675 551 712 ante
586 670 859 726 praecipitem
881 675 925 711 et
952 670 1155 710 lubricam
1192 684 1283 710 esse
1315 670 1506 719 ducebat,
1545 670 1640 711 huic
1668 671 1817 726 planae
1852 677 1896 712 et

292 736 433 777 stabili
454 736 795 791 praeponendam
817 750 907 776 esse
935 736 1190 776 arbitretur?
1253 735 1372 787 Quod
1400 735 1434 776 si
1466 735 1613 776 talium
1635 736 1786 777 civium
1809 751 1894 785 vos,

287 802 465 856 judices,
509 802 663 850 taedet,
711 802 945 843 ostendite:
995 802 1222 843 mutabunt
1258 800 1514 842 sententiam
1556 801 1627 856 qui
1667 807 1891 857 poterunt:

293 867 555 908 constituent
575 867 674 922 quid
695 871 825 922 agant
847 867 996 922 quibus
1026 867 1239 922 integrum
1261 871 1348 908 est:
1384 881 1461 907 nos
1482 866 1551 921 qui
1575 867 1664 921 jam
1686 868 1896 923 progressi

291 948 436 974 sumus
467 933 578 974 hunc
612 933 772 974 exitum
801 938 972 974 nostrae
997 933 1251 974 temeritatis
1286 933 1478 973 feremus.
1542 932 1615 972 Sin
1648 933 1727 974 hoc
1755 933 1894 975 animo

292 1014 417 1054 quam
448 999 649 1054 plurimos
677 1013 768 1039 esse
797 998 935 1049 vultis,
965 998 1233 1039 declarabitis
1265 998 1345 1039 hoc
1366 998 1523 1052 judicio
1561 997 1658 1052 quid
1687 998 1895 1039 sentiatis.

293 1064 421 1113 Huic,
454 1064 551 1105 huic
580 1064 731 1105 misero
765 1079 907 1119 puero,
931 1068 1071 1105 vestro
1100 1078 1149 1104 ac
1182 1065 1406 1105 liberorum
1436 1067 1672 1104 vestrorum
1702 1064 1891 1118 supplici,

285 1130 464 1185 judiees,
488 1131 567 1171 hoc
593 1130 752 1185 judicio
775 1129 936 1171 vivendi
967 1136 1195 1185 praecepta
1226 1130 1408 1178 dabitis3
1444 1129 1509 1170 cui
1539 1129 1573 1169 si
1601 1134 1766 1184 patrem
1798 1144 1894 1170 con-

289 1196 482 1245 servatis,
519 1196 653 1251 qualis
680 1196 768 1251 ipse
801 1196 956 1237 debeat
995 1211 1086 1237 esse
1124 1196 1225 1237 civis
1258 1195 1579 1251 praescribetis:
1619 1195 1683 1236 sin
1719 1196 1891 1251 eripitis,

289 1261 524 1302 ostendetis
538 1262 672 1301 bonae
687 1261 839 1301 rationi
861 1266 904 1302 et
927 1261 1139 1302 constanti
1158 1265 1201 1302 et
1221 1262 1339 1317 gravi
1353 1261 1512 1301 nullum
1533 1276 1558 1302 a
1579 1262 1695 1302 vobis
1709 1262 1895 1303 fructum

288 1341 381 1367 esse
412 1326 687 1381 propositum.
751 1326 831 1379 Qui
853 1342 938 1376 vos,
968 1327 1165 1382 quoniam
1197 1332 1263 1369 est
1285 1327 1325 1367 id
1348 1327 1502 1368 aetatis
1532 1331 1581 1368 ut
1611 1342 1780 1369 sensum
1803 1328 1894 1382 jam

287 1392 502 1447 percipere
533 1392 669 1447 possit
700 1407 752 1432 ex
783 1407 973 1434 maerore
1005 1393 1153 1448 patrio,
1193 1393 1395 1433 auxilium
1431 1393 1617 1434 nondum
1646 1393 1756 1448 patri
1787 1393 1894 1434 ferre

286 1458 432 1512 possit,
468 1463 562 1499 orat
596 1473 648 1499 ne
677 1473 797 1499 suum
826 1459 986 1499 luctum
1014 1459 1149 1514 patris
1179 1458 1374 1508 lacrimis,
1400 1458 1533 1514 patris
1563 1473 1794 1500 maerorem
1817 1473 1894 1499 suo

286 1523 388 1564 fletu
418 1524 636 1579 augeatis:
678 1524 748 1578 qui
785 1524 913 1565 etiam
943 1539 1010 1565 me
1041 1525 1243 1575 intuetur,
1281 1539 1348 1565 me
1380 1524 1499 1565 vultu
1529 1518 1723 1579 appellat,
1757 1539 1895 1565 meam

287 1589 594 1644 quodammodo
619 1589 724 1630 flens
754 1589 880 1630 fidem
911 1589 1120 1645 implorat,
1153 1605 1202 1631 ac
1234 1589 1388 1645 repetit
1419 1604 1512 1630 eam
1533 1604 1657 1645 quam
1679 1604 1757 1644 ego
1783 1589 1893 1644 patri

286 1670 361 1696 suo
383 1656 591 1711 quondam
614 1670 689 1711 pro
721 1656 856 1697 salute
877 1656 1040 1710 patriae
1070 1655 1364 1711 spoponderim
1387 1655 1650 1709 dignitatem.
1715 1655 1893 1695 Misere-

285 1721 385 1761 mini
416 1721 608 1770 familiae,
628 1721 806 1776 judices,
843 1721 1096 1761 miseremini
1133 1721 1281 1776 patris,
1318 1720 1571 1761 miseremini
1603 1720 1700 1761 filii:
1740 1735 1893 1761 nomen

286 1786 562 1826 clarissimum
593 1791 637 1827 et
668 1786 943 1827 fortissimum
975 1786 1038 1827 vel
1068 1786 1234 1842 generis
1265 1786 1329 1827 vel
1360 1785 1586 1827 vetustatis
1618 1785 1682 1827 vel
1712 1786 1893 1827 hominis

287 1865 437 1892 caussa
458 1851 517 1892 rei
539 1852 728 1907 publicae
750 1856 972 1892 reservate.

329 1969 381 1997 42.
406 1977 457 1997 eos
473 1968 587 2007 quibus
599 1968 760 2006 inleqrum
777 1967 850 2007 est,]
878 1967 984 1997 Those
997 1967 1066 1997 who

285 2009 364 2040 have
377 2011 441 2040 still
453 2011 507 2040 the
522 2021 628 2050 power
644 2012 679 2041 of
693 2011 844 2050 choosing
856 2011 940 2040 what
957 2021 1067 2040 course

1113 1970 1262 2004 moveret,
1284 1970 1315 1997 et
1339 1967 1417 1997 duos
1436 1967 1518 1998 filios
1542 1977 1615 1998 suos
1638 1977 1751 2008 parvos
1775 1968 1893 1999 tutelae

1112 2011 1221 2050 populi
1252 2011 1514 2047 commendasset,
1543 2022 1579 2041 ac
1603 2021 1646 2047 se,
1672 2015 1833 2051 tamquam
1859 2012 1892 2042 in

285 2054 321 2083 of
332 2054 385 2083 life
401 2054 475 2093 they
487 2055 549 2084 will
564 2054 679 2089 follow,
694 2065 727 2084 as
741 2054 938 2084 Camerarius
950 2054 1067 2093 rightly

285 2097 427 2136 explains
451 2098 485 2127 it.
531 2098 608 2127 This
626 2098 652 2127 is
669 2109 687 2128 a
710 2108 857 2128 common
884 2098 1067 2137 expression

284 2140 317 2170 in
335 2140 455 2170 Cicero.

329 2185 431 2221 Huic,
449 2184 539 2224 huic]

285 2226 404 2257 Baiter.

329 2270 364 2298 id
379 2270 511 2309 aetatis]
561 2270 632 2300 Vol.
651 2271 678 2300 Ι.
695 2271 786 2300 Verr.
804 2271 835 2300 ii.
853 2273 883 2301 2.
902 2281 927 2300 c.
944 2271 997 2307 37.

328 2312 397 2341 The
413 2322 519 2351 young
535 2323 593 2343 son
610 2314 645 2343 of
666 2314 796 2343 Flaccus
815 2315 840 2344 is
857 2314 1016 2353 produced
1033 2324 1068 2343 or

286 2356 445 2394 supposed
468 2359 501 2385 to
518 2356 557 2385 be
580 2357 739 2395 produced
755 2357 788 2386 iu
805 2358 897 2386 order
920 2361 953 2386 to
978 2367 1068 2387 move

285 2398 341 2427 the
362 2399 559 2437 compassion
587 2399 622 2428 of
643 2400 697 2429 the
724 2400 864 2430 Judices.
910 2400 988 2429 This
1005 2411 1067 2429 was

285 2441 370 2470 what
392 2441 457 2470 Ser.
477 2441 578 2471 Galba
601 2442 652 2471 did
670 2453 709 2471 on
727 2443 775 2471 his
799 2443 870 2472 trial
896 2442 972 2482 (Pro
992 2443 1066 2472 Mu-

284 2494 371 2520 rena,
389 2495 416 2513 c.
434 2484 502 2521 28).
550 2487 569 2501 “
584 2485 849 2523 Reprehendebat
872 2486 968 2524 igitur
992 2486 1066 2515 Gal-

285 2527 358 2557 bam
392 2527 541 2563 Rutilius,
570 2528 654 2566 quod
685 2528 710 2557 is
741 2528 777 2558 C.
811 2529 941 2567 Sulpicii
973 2529 1065 2564 Galli,

285 2571 454 2610 propinqui
474 2570 532 2606 sui,
551 2570 590 2603 Q.
608 2571 765 2609 pupillum
781 2571 881 2600 filium
898 2572 965 2610 ipse
987 2581 1067 2610 pene

285 2615 318 2644 in
335 2614 483 2643 humeros
500 2623 573 2642 suos
587 2614 759 2649 extulisset,
777 2614 830 2652 qui
848 2614 944 2652 patris
961 2614 1066 2643 claris-

286 2657 357 2687 simi
372 2656 588 2686 recordatione
610 2659 641 2686 et
657 2657 808 2686 memoria
827 2657 936 2686 fictum
958 2657 1067 2696 populi

590 2184 629 2214 B.
656 2185 713 2214 has
740 2184 765 2214 it
790 2184 865 2225 only
881 2194 979 2221 once3
1004 2184 1066 2214 and

1112 2055 1277 2093 procinctu
1312 2058 1538 2084 testamentum
1569 2055 1685 2084 faceret
1716 2056 1783 2085 sine
1813 2055 1893 2085 libra

1112 2101 1208 2137 atque
1228 2098 1355 2133 tabulis,
1372 2098 1525 2137 populum
1550 2098 1729 2128 Romanum
1755 2101 1891 2128 tutorem

1111 2141 1275 2170 instituere
1293 2141 1421 2171 dixisset
1443 2142 1569 2171 illorum
1593 2141 1732 2171 orbitati.
1779 2142 1893 2181 Itaque

1112 2195 1210 2224 quum
1228 2188 1259 2214 et
1278 2184 1394 2214 invidia
1415 2188 1447 2214 et
1474 2185 1546 2214 odio
1573 2185 1682 2224 populi
1700 2188 1767 2214 tum
1791 2185 1892 2215 Galba

1112 2231 1318 2267 premeretur,
1332 2227 1380 2257 his
1398 2238 1523 2267 quoque
1539 2238 1611 2257 eum
1628 2227 1797 2266 tragoediis
1813 2228 1890 2258 libe-

1112 2274 1214 2300 ratum
1238 2270 1377 2307 ferebat3
1403 2272 1487 2310 quod
1513 2271 1590 2299 item
1621 2271 1704 2309 apud
1736 2270 1890 2300 Catonem

1115 2314 1267 2353 scriptum
1285 2324 1351 2343 esse
1374 2314 1474 2349 video,
1491 2314 1551 2342 nisi
1571 2314 1676 2352 pueris
1699 2317 1732 2343 et
1754 2313 1890 2344 lacrimis

1112 2367 1188 2386 usus
1219 2360 1311 2390 esset.
1343 2367 1460 2395 poenas
1484 2366 1556 2386 eum
1584 2356 1731 2385 daturum
1759 2357 1889 2387 fuisse”

1113 2400 1249 2438 (Cicero,
1277 2400 1326 2428 De
1350 2399 1406 2429 Or.
1424 2400 1443 2428 i.
1461 2398 1529 2438 53).
1578 2399 1636 2428 See
1662 2400 1721 2429 Pro
1747 2400 1843 2437 Sulla,
1862 2411 1889 2430 6.

1112 2444 1164 2478 31,
1181 2443 1242 2471 and
1259 2442 1313 2471 the
1329 2445 1440 2477 notes;
1463 2443 1524 2471 and
1540 2441 1686 2478 Juvenal,
1704 2443 1754 2472 vii.
1776 2444 1845 2473 146.

1157 2486 1300 2514 Socrates
1327 2485 1360 2514 in
1383 2484 1500 2514 Plato's
1524 2485 1669 2524 Apology
1688 2485 1728 2525 (c.
1747 2486 1801 2526 23)
1819 2487 1890 2516 tells

1112 2538 1149 2557 us
1165 2528 1248 2557 what
1269 2528 1309 2557 he
1331 2528 1468 2567 thought
1491 2528 1525 2557 of
1542 2528 1605 2558 this
1622 2539 1688 2568 way
1710 2529 1744 2558 of
1763 2530 1891 2569 moving

1112 2571 1167 2601 the
1188 2571 1387 2609 compassicn
1411 2571 1447 2600 of
1463 2571 1518 2600 the
1541 2575 1640 2601 court.
1687 2572 1756 2602 The
1779 2573 1890 2611 sturdy

1111 2614 1316 2653 philosopher
1342 2617 1440 2643 treats
1464 2614 1489 2643 it
1515 2615 1591 2644 with
1623 2618 1795 2655 contempt,
1827 2616 1890 2645 and

1111 2656 1172 2686 will
1188 2660 1245 2686 not
1261 2666 1333 2687 save
1349 2657 1397 2687 his
1407 2657 1460 2687 life
1476 2657 1517 2697 by
1534 2658 1611 2688 such
1628 2668 1720 2688 mean
1736 2659 1866 2689 artifice.
