2063 3242
287 233 372 279 476
759 232 937 275 ORAT.
973 231 1093 274 PRO
1128 232 1179 273 P.
1216 230 1430 273 SESTIO

288 363 360 390 eos
391 354 549 400 autem,
593 349 662 405 qui
699 349 839 390 onmia
867 347 1006 388 divina
1038 351 1083 388 et
1110 347 1294 387 humana
1324 344 1532 394 violarint,
1564 343 1769 394 vexarint,
1805 357 1898 399 per-

290 414 514 464 turbarint,
553 415 796 465 everterint,
832 428 916 453 non
962 412 1096 453 solum
1133 412 1294 452 alacres
1326 411 1544 464 laetosque
1585 409 1772 459 volitare,
1824 408 1899 449 sed

288 479 418 520 etiam
453 480 694 521 fortissimis
726 485 855 534 atque
888 477 1061 532 optimis
1102 477 1263 517 civibus
1299 475 1531 530 periculum
1569 475 1717 524 moliri,
1762 475 1814 515 de
1854 489 1900 515 se

287 545 390 586 nihil
411 545 575 586 timere.
641 546 691 585 In
723 560 804 600 quo
832 559 960 599 quum
991 542 1124 583 multa
1151 547 1251 582 sunt
1286 542 1472 596 indigna,
1507 547 1599 582 tum
1630 540 1731 580 nihil
1763 540 1901 581 minus

288 616 355 652 est
375 612 592 652 ferendum
609 625 734 666 quam
751 610 960 665 quodjam
978 624 1060 649 non
1081 623 1154 663 per
1176 608 1365 648 latrones
1382 622 1493 657 suos,
1518 621 1601 647 non
1616 622 1690 662 per
1707 606 1901 647 homines

289 681 481 731 egestate
519 681 563 717 et
594 676 751 716 scelere
784 675 986 730 perditos
1011 674 1085 715 sed
1122 688 1197 729 per
1218 688 1291 713 vos
1316 672 1450 722 nobis,
1486 687 1561 727 per
1582 672 1766 727 optimos
1789 671 1901 712 viros

289 741 462 797 optimis
488 742 648 783 civibus
670 741 899 796 periculum
921 740 1073 780 inferre
1106 743 1327 787 conantur,
1352 744 1395 779 et
1417 753 1522 793 quos
1550 737 1768 793 lapidibus,
1793 752 1900 793 quos

288 808 413 856 ferro,
449 822 555 862 quos
587 807 763 854 facibus,
799 821 904 862 quos
938 805 990 855 vi,
1025 820 1166 853 manu,
1197 803 1329 858 copiis
1362 804 1500 844 delere
1535 818 1619 844 non
1655 807 1898 859 potuerunt,

288 872 366 913 llos
423 877 562 913 vestra
614 872 884 921 auctoritate,
929 876 1071 912 vestra
1122 869 1336 925 religione,
1379 869 1532 910 vestris
1585 868 1806 910 sententiis
1854 883 1900 909 se

290 952 565 993 oppressuros
598 937 874 978 arbitrantur.
939 936 1032 991 Ego
1066 941 1221 985 aut-em,
1251 934 1429 989 judices,
1463 934 1660 989 quoniam
1688 949 1770 989 qua
1799 948 1901 976 voce

289 1003 390 1044 mihi
437 1003 479 1044 in
518 1003 694 1057 agendis
734 1002 886 1057 gratiis
941 1001 1392 1055 commemorandoque
1433 1015 1578 1041 eorum
1620 1000 1690 1055 qui
1741 1000 1792 1040 de
1833 1014 1901 1040 me

289 1069 448 1124 optime
485 1068 623 1109 meriti
652 1073 751 1109 sunt
780 1067 985 1109 beneficio
1020 1081 1112 1107 esse
1145 1066 1349 1107 utendum
1383 1066 1599 1120 putabam,
1623 1081 1672 1106 ea
1707 1080 1817 1106 nunc
1838 1065 1902 1107 uti

290 1149 420 1189 cogor
456 1134 498 1174 in
539 1148 685 1174 eorum
725 1132 923 1188 periculis
964 1131 1234 1187 depellendis,
1276 1131 1326 1171 iis
1367 1131 1634 1186 potissimum
1675 1146 1755 1172 vox
1796 1132 1901 1172 haec

290 1200 462 1247 serviat,
486 1213 663 1254 quorum
685 1213 813 1254 opera
834 1202 878 1239 et
905 1196 1008 1238 mihi
1031 1202 1075 1238 et
1095 1196 1215 1238 vobis
1246 1201 1290 1237 et
1311 1196 1465 1251 populo
1488 1196 1681 1237 Romano
1702 1196 1904 1238 restituta

289 1271 370 1307 est.
1622 1302 1624 1304 ,

351 1331 413 1371 ΙΙ.
448 1330 507 1371 Et
529 1344 784 1385 quamquam
805 1344 831 1370 a
854 1330 903 1382 Q.
930 1328 1178 1378 Hortensio,
1198 1327 1431 1369 clarissimo
1447 1327 1536 1368 viro
1558 1332 1685 1383 atque
1708 1327 1906 1382 eloquen-

289 1396 465 1445 tissimo,
490 1411 638 1437 caussa
660 1400 725 1435 est
748 1395 797 1435 P.
824 1395 952 1436 Sestii
974 1398 1182 1450 perorata,
1208 1393 1393 1447 nihilque
1409 1393 1462 1432 ab
1485 1407 1534 1433 eo
1558 1392 1902 1448 praetermissum

290 1467 367 1512 est,
393 1462 502 1516 quod
525 1467 599 1502 aut
622 1476 698 1516 pro
732 1476 777 1502 re
810 1461 976 1516 publica
1007 1459 1348 1515 conquerendum
1379 1458 1461 1499 fuit
1495 1463 1571 1499 aut
1601 1473 1679 1514 pro
1714 1473 1784 1499 reo
1822 1459 1904 1500 dis-

289 1527 536 1583 putandum,
560 1531 703 1568 tamen
736 1526 962 1581 aggrediar
996 1525 1050 1566 ad
1077 1525 1312 1573 dicendum,
1336 1538 1388 1564 ne
1417 1539 1512 1564 mea
1548 1524 1831 1579 propugnatio
1867 1524 1906 1566 ei

290 1593 556 1648 potissimum
588 1592 770 1633 defuisse
801 1591 1007 1640 videatur,
1038 1606 1111 1646 per
1142 1605 1265 1646 quem
1304 1594 1371 1631 est
1401 1589 1635 1644 perfectum
1669 1604 1720 1630 ne
1752 1589 1906 1630 ceteris

290 1659 449 1700 civibus
478 1659 658 1700 deesset.
722 1658 869 1712 Atque
890 1672 969 1711 ego
991 1656 1051 1697 sic
1075 1661 1232 1703 statuo,
1252 1655 1430 1710 judices,
1453 1669 1477 1695 a
1498 1670 1564 1695 me
1590 1655 1631 1695 in
1654 1656 1730 1696 hac
1753 1670 1904 1696 caussa

290 1730 419 1780 atque
452 1724 534 1765 hoc
571 1729 760 1764 extremo
791 1722 956 1763 dicendi
993 1722 1085 1762 loco
1113 1721 1287 1777 pietatis
1312 1720 1454 1775 potius
1481 1735 1606 1779 quam
1633 1720 1901 1771 defensionis,

292 1790 485 1845 querelae
507 1804 633 1844 quam
669 1787 944 1843 eloquentiae,
969 1786 1125 1827 doloris
1157 1801 1283 1841 quam
1316 1785 1472 1840 ingenii
1508 1790 1651 1840 partes
1687 1800 1778 1826 esse
1811 1800 1903 1827 sus-

293 1861 454 1911 ceptas.
519 1855 670 1909 Itaque
701 1853 736 1894 si
765 1858 839 1894 aut
859 1853 999 1893 acrius
1021 1866 1146 1906 egero
1180 1857 1256 1892 aut
1277 1850 1448 1891 liberius
1470 1865 1595 1906 quam
1617 1851 1686 1906 qui
1707 1856 1806 1892 ante
1834 1866 1903 1893 me

293 1920 506 1969 dixerunt,
543 1925 641 1974 peto
663 1934 688 1959 a
709 1919 826 1959 vobis
857 1923 906 1959 ut
937 1922 1105 1958 tantum
1137 1916 1317 1957 orationi
1338 1931 1456 1956 meae
1493 1916 1749 1967 concedatis,
1774 1932 1903 1972 quan-

293 1990 386 2027 tum
408 1990 451 2026 et
472 1985 542 2040 pio
569 1985 701 2025 dolori
724 1989 768 2025 et
784 1985 926 2038 justae
948 1983 1189 2024 iracundiae
1221 1982 1535 2023 concedendum
1557 1983 1729 2037 putetis.
1792 1983 1903 2024 Nam

293 2105 369 2135 with
385 2105 488 2135 which
512 2105 537 2134 it
558 2104 584 2134 is
610 2104 783 2134 connected
807 2106 935 2144 present
959 2114 998 2134 an
1018 2103 1075 2133 ob-

290 2149 356 2187 ject
381 2148 489 2178 before
511 2148 566 2178 the
589 2158 672 2187 eyes.
722 2148 818 2177 Halm
844 2157 1008 2187 compares
1037 2147 1076 2177 In

293 2192 402 2222 Vatiu.
429 2202 455 2221 c.
486 2193 523 2227 7:
550 2191 662 2221 “duos
688 2194 903 2230 praetextatos
930 2191 1076 2220 sedentes

1120 2113 1167 2133 we
1193 2103 1287 2142 begin
1315 2103 1464 2143 abruptly
1484 2103 1560 2133 with
1586 2103 1653 2132 ‘Iis
1676 2102 1903 2142 potissimum!

1122 2150 1172 2169 -‘
1188 2147 1342 2177 beneficio
1355 2146 1374 2176 :'
1399 2147 1447 2176 his
1463 2147 1653 2176 restoration
1669 2146 1751 2176 from
1768 2146 1859 2176 exile.

1165 2192 1195 2220 2.
1215 2190 1401 2230 perorata,]
1452 2190 1552 2219 “The
1569 2199 1639 2219 case
1656 2189 1694 2219 os
1709 2189 1829 2219 Sestius
1845 2190 1904 2220 has

294 2235 391 2270 vides,
416 2238 448 2265 te
471 2234 646 2264 aediliciam
670 2238 867 2274 praetextam
892 2257 899 2263 .
918 2256 926 2264 .
945 2257 952 2264 .
969 2234 1077 2264 vendi-

294 2277 412 2308 disse.'’

339 2322 378 2350 In
404 2330 464 2360 quo
489 2330 585 2360 quum
608 2320 728 2359 mulla]
777 2320 935 2360 Compare
960 2320 1019 2350 Pro
1045 2320 1076 2350 S.

296 2364 390 2394 Rosc.
411 2364 484 2393 Am.
503 2374 528 2394 c.
551 2366 589 2394 3:
615 2363 764 2393 “Nonne
781 2374 880 2403 quum
906 2364 1005 2393 multa
1028 2364 1077 2393 in-

295 2407 400 2446 digna,
433 2410 503 2436 tum
533 2407 583 2436 vel
614 2407 674 2436 hoc
703 2407 961 2445 indignissimum
992 2405 1076 2443 est,''

297 2452 410 2480 &c.—‘
424 2452 528 2479 vestra
557 2449 743 2488 religione:'
783 2450 915 2479 because
947 2450 1002 2479 the
1025 2450 1076 2488 ju-

296 2493 379 2523 diCes
395 2503 473 2532 gave
489 2492 571 2522 their
586 2492 705 2522 verdict
721 2502 761 2521 on
778 2493 852 2522 oath
867 2492 1075 2532 (Manutius).

340 2537 490 2576 quoniam
515 2545 576 2574 qua
599 2535 688 2574 voce]
740 2535 835 2564 Halm
857 2536 958 2564 added
976 2539 1075 2574 ‘quo-

296 2578 409 2616 niam‚'
439 2579 502 2608 and
533 2578 558 2607 it
587 2578 613 2607 is
644 2578 778 2607 wanted.
825 2578 952 2607 Ernesti
979 2581 1076 2608 wrote

301 2626 309 2639 ⁸
321 2623 395 2662 quia
411 2622 491 2662 qua'
509 2631 550 2651 on
567 2621 622 2650 the
638 2621 819 2659 suggestion
841 2621 876 2649 of
898 2621 1075 2656 Hotmann,

296 2666 357 2695 and
395 2665 488 2705 ‘quia
502 2663 510 2677 ’
540 2664 566 2694 is
602 2663 774 2693 confirmed
809 2663 851 2703 by
885 2664 941 2693 the
976 2664 1074 2694 Codd.

297 2709 416 2738 Bernn.
462 2707 593 2746 Madvig
609 2707 776 2746 suggested
799 2706 853 2736 the
870 2707 1020 2736 omission
1044 2707 1081 2736 of

298 2755 306 2768 ⁴
321 2751 414 2791 quia’
442 2751 503 2781 and
526 2751 581 2780 the
605 2750 733 2788 making
757 2752 764 2766 ⁴
778 2750 970 2788 depellendis
985 2749 992 2762 ’
1014 2750 1075 2779 end

297 2796 352 2824 the
374 2797 532 2829 sentence,
560 2793 622 2823 and
650 2793 708 2822 ‘iis
734 2792 954 2832 potissimum'
982 2792 1075 2831 begin

296 2838 431 2867 another
456 2841 615 2867 sentence.
673 2836 738 2866 But
766 2836 824 2865 ‘iis
855 2835 1075 2875 potissimum’

297 2881 359 2910 and
377 2881 460 2909 what
483 2881 614 2916 follows,
632 2880 722 2909 looks
746 2879 808 2908 like
824 2879 878 2908 the
894 2878 1074 2908 conclusion

297 2923 334 2952 of
354 2934 372 2953 a
395 2927 560 2959 sentence3
584 2923 645 2953 and
668 2923 757 2952 there
780 2922 806 2951 is
829 2932 847 2951 a
862 2924 946 2951 want
966 2921 1002 2951 of
1021 2921 1077 2950 the

297 2967 388 2996 usual
415 2966 590 2996 connexion
622 2966 654 2996 in
685 2964 822 2995 Cicero's
852 2968 1027 2998 sentences,
1052 2964 1079 2994 if

1122 2233 1203 2263 been
1227 2233 1416 2273 completely
1433 2233 1567 2262 handled
1582 2232 1614 2270 ;''
1639 2233 1702 2262 and
1725 2233 1765 2262 he
1780 2232 1905 2262 further

1122 2277 1264 2316 explains
1300 2276 1485 2315 ·perorata’
1516 2276 1558 2316 by
1593 2275 1710 2315 adding
1741 2276 1904 2316 ‘nihilque

1122 2320 1161 2349 ab
1184 2330 1221 2349 eo
1242 2320 1499 2359 praetermissum
1524 2318 1595 2349 est.'
1643 2319 1832 2349 Sometimes
1848 2319 1905 2349 the

1124 2367 1131 2380 ⁴
1146 2363 1303 2402 peroratio
1317 2362 1326 2376 '
1341 2363 1367 2392 is
1384 2363 1439 2392 the
1455 2363 1570 2402 speech
1586 2362 1623 2392 of
1639 2362 1694 2392 the
1712 2365 1817 2392 orator
1832 2362 1904 2392 who

1122 2407 1221 2445 spoke
1248 2406 1308 2435 last
1340 2405 1445 2445 (Orat.
1471 2416 1497 2435 c.
1529 2407 1592 2435 38:
1628 2405 1748 2438 “Quid
1779 2416 1836 2444 ego
1864 2405 1904 2435 de

1122 2449 1377 2479 miserationibus
1401 2449 1522 2487 loquar,
1540 2448 1654 2487 quibus
1678 2458 1716 2478 eo
1740 2458 1809 2478 sum
1826 2458 1905 2478 usus

1122 2491 1276 2531 pluribus,
1304 2491 1389 2531 quod
1420 2491 1544 2521 etiamsi
1574 2492 1680 2530 plures
1707 2491 1902 2528 dicebamus,

1120 2535 1353 2574 perorationem
1374 2534 1451 2563 mihi
1468 2538 1574 2563 tamen
1603 2544 1713 2564 omnes
1740 2534 1900 2575 relinque-

1121 2578 1198 2607 bant
1210 2577 1246 2607 ?'’
1279 2577 1341 2607 and
1372 2577 1501 2613 Brutus,
1526 2587 1552 2606 c.
1578 2578 1640 2607 33:
1675 2580 1811 2608 “exstat
1834 2579 1903 2617 ejus

1121 2621 1278 2660 peroratio
1302 2620 1355 2660 qui
1379 2620 1522 2659 epilogus
1545 2620 1669 2657 dicitur,
1686 2622 1739 2661 qui
1763 2624 1852 2651 tanto
1868 2622 1903 2650 in

1122 2664 1242 2693 honore
1257 2663 1363 2702 pueris
1379 2663 1470 2693 nobis
1487 2667 1554 2693 erat
1570 2667 1605 2693 ut
1622 2674 1694 2694 eum
1711 2665 1806 2694 etiam
1819 2665 1902 2694 edis-

1121 2705 1300 2742 ceremuS,’'
1316 2706 1420 2735 where
1436 2706 1476 2736 he
1497 2707 1522 2736 is
1539 2708 1692 2746 speaking
1715 2708 1751 2737 of
1772 2708 1808 2738 C.
1829 2708 1900 2737 Sul-

1121 2750 1221 2788 picius
1239 2749 1365 2788 Galba).
1414 2749 1452 2779 Iu
1473 2750 1527 2780 the
1550 2750 1610 2779 Pro
1627 2751 1785 2786 Cluentio,
1803 2761 1829 2780 c.
1848 2751 1901 2787 70,

1120 2793 1160 2822 he
1188 2803 1258 2832 says
1286 2793 1374 2833 “qui
1400 2795 1500 2822 totam
1525 2793 1607 2823 hanc
1630 2804 1771 2823 caussam
1795 2797 1902 2824 vetere

1120 2835 1267 2865 instituto
1280 2836 1364 2865 solus
1377 2835 1555 2875 peroravi.”
1602 2837 1661 2867 See
1675 2837 1734 2866 Pro
1752 2837 1901 2873 Murena,

1121 2888 1147 2908 c.
1167 2880 1196 2914 4,
1211 2878 1273 2908 aud
1297 2879 1352 2908 the
1376 2882 1460 2915 note,
1481 2880 1583 2909 which
1599 2880 1662 2910 will
1684 2880 1810 2920 explain
1827 2883 1901 2910 ‘ex-

1120 2924 1221 2951 tremo
1239 2921 1362 2952 dicendi
1378 2922 1470 2952 loco.⁷
