2063 3242
227 209 311 249 508
703 204 884 247 ORAT.
918 203 1039 246 PRO
1073 202 1124 246 P.
1160 202 1375 244 SESTIO

225 321 393 377 publica
414 319 638 362 retinenda
659 319 891 367 medicina;
927 332 1054 374 quam
1075 332 1254 369 omnem,
1275 317 1454 372 judices,
1478 315 1783 372 perdidissetis,
1807 316 1843 359 si

225 403 318 429 meo
344 386 521 429 interitu
554 385 718 428 senatui
752 385 989 440 populoque
1019 383 1213 424 Romano
1243 383 1399 424 doloris
1430 383 1495 424 sui
1528 383 1579 423 de
1611 397 1677 423 me
1707 382 1844 424 decla-

226 454 345 495 randi
367 458 560 509 potestas
582 460 695 492 esset
717 456 875 506 erepta.
941 450 1081 501 Quare
1103 464 1253 490 moneo
1276 464 1362 500 vos,
1386 449 1689 499 adolescentes,
1714 454 1843 504 atque

226 520 307 560 hoc
329 534 422 560 meo
439 520 535 574 jure
557 517 780 573 praecipio,
809 516 878 572 qui
906 514 1170 570 dignitatem,
1196 515 1266 570 qui
1295 530 1383 556 rem
1412 514 1635 570 publicam,
1661 514 1730 570 qui
1752 514 1844 569 glo-

226 585 332 626 riam
354 584 572 640 spectatis,
589 598 652 633 ne,
672 583 707 623 si
729 598 835 638 quae
853 596 925 623 vos
946 581 1173 636 aliquando
1195 581 1426 622 necessitas
1447 581 1500 622 ad
1523 596 1612 621 rem
1634 580 1844 636 publicam

227 657 377 693 contra
422 650 635 705 improbos
681 648 794 689 cives
836 647 1144 688 defendendam
1181 646 1365 695 vocabit,
1413 646 1631 701 segniores
1671 645 1766 686 sitis
1800 649 1844 687 et

226 716 519 759 recordatione
541 714 622 755 mei
645 729 768 755 casus
789 728 814 754 a
836 712 1022 754 consiliis
1046 711 1229 752 fortibus
1251 710 1485 766 refugiatis.
1548 710 1739 752 Primum
1760 725 1845 752 non

227 789 294 825 est
312 782 556 839 periculum,
580 795 633 821 ne
656 780 749 835 quis
783 793 983 834 umquam
1012 778 1171 820 incidat
1192 777 1235 818 in
1257 776 1465 832 ejusmodi
1494 777 1699 827 consules,
1724 792 1845 832 prae-

227 848 375 890 sertim
397 848 431 889 si
461 846 542 888 erit
573 846 622 887 iis
654 846 695 886 id
717 845 829 900 quod
862 845 1042 885 debetur
1077 844 1353 900 persolutum.
1416 841 1582 883 Deinde
1618 857 1845 898 numquam

223 912 324 966 jam,
350 916 398 952 ut
419 924 554 966 spero,
587 909 809 964 quisquam
845 907 1062 962 improbus
1096 906 1269 948 consilio
1299 910 1344 947 et
1374 905 1530 946 auxilio
1563 905 1768 946 bonorum
1799 920 1844 947 se

227 991 471 1033 oppugnare
493 990 582 1016 rem
604 974 815 1030 publicam
837 973 950 1014 dicet
972 972 1052 1013 illis
1074 972 1329 1021 tacentibus,
1355 985 1432 1012 nec
1454 971 1608 1012 armati
1630 970 1845 1012 exercitus

226 1050 434 1086 terrorem
456 1046 641 1097 opponet
663 1040 823 1095 togatis
842 1057 852 1087 ;
887 1054 1022 1095 neque
1044 1039 1125 1080 erit
1141 1039 1261 1094 justa
1282 1052 1431 1078 caussa
1447 1037 1500 1077 ad
1517 1042 1664 1092 portas
1678 1036 1845 1079 sedenti

227 1108 483 1165 imperatori,
508 1121 637 1162 quare
670 1121 793 1147 suum
824 1110 1031 1147 terrorem
1062 1104 1167 1145 falso
1185 1102 1341 1159 jactari
1374 1103 1612 1158 opponique
1641 1103 1845 1159 patiatur.

230 1175 471 1230 Numquam
502 1172 613 1214 enim
641 1172 722 1213 erit
758 1177 847 1213 tam
884 1185 1114 1226 oppressus
1147 1174 1335 1219 senatus,
1360 1174 1408 1210 ut
1433 1169 1471 1210 ei
1498 1184 1551 1209 ne
1581 1168 1846 1224 supplicandi

228 1241 397 1296 quidem
414 1254 463 1280 ac
480 1238 652 1293 lugendi
674 1238 730 1279 sit
751 1242 957 1293 potestas,
973 1241 1063 1278 tam
1086 1240 1237 1291 captus
1259 1240 1457 1290 equester
1479 1235 1593 1284 ordo,
1610 1239 1659 1276 ut
1680 1234 1845 1290 equites

228 1305 409 1346 Romani
431 1320 456 1345 a
477 1303 648 1344 consule
671 1303 923 1357 relegentur.
969 1302 1087 1354 Quae
1105 1316 1233 1356 quum
1255 1300 1395 1341 omnia
1416 1305 1545 1355 atque
1568 1300 1696 1342 etiam
1711 1300 1844 1342 multo

227 1372 309 1413 alia
330 1372 504 1426 majora,
537 1384 643 1425 quae
673 1368 866 1410 consulto
889 1373 1122 1423 praetereO,
1147 1366 1415 1415 accidissent,
1440 1366 1592 1408 videtis
1613 1382 1679 1407 me
1701 1371 1846 1408 tamen

228 1437 269 1478 in
292 1452 429 1477 meam
465 1435 688 1491 pristinam
718 1434 971 1489 dignitatem
1002 1432 1119 1475 brevi
1141 1437 1332 1488 tempore
1363 1431 1517 1473 doloris
1539 1431 1764 1488 interjecto
1785 1431 1846 1474 rei

228 1502 422 1558 publicae
444 1516 545 1542 voce
568 1516 660 1542 esse
683 1505 944 1541 revocatum.

287 1568 476 1609 XXIV.
512 1567 595 1608 Sed
618 1571 665 1608 ut
687 1571 872 1608 revertar
893 1566 947 1606 ad
968 1565 1081 1615 illud,
1107 1564 1219 1620 quod
1235 1562 1337 1606 mihi
1360 1564 1401 1605 in
1424 1564 1504 1606 hae
1534 1563 1646 1605 omni
1665 1567 1731 1605 est
1753 1578 1846 1605 ora-

228 1635 342 1676 tione
379 1633 660 1689 propositum,
689 1632 884 1673 omnibus
916 1631 1039 1672 malis
1071 1631 1139 1672 illo
1172 1645 1281 1671 anno
1319 1631 1476 1672 scelere
1507 1630 1724 1671 consulum
1756 1645 1847 1671 rem

228 1700 437 1755 publicam
465 1713 558 1740 esse
592 1698 843 1748 confectam,
869 1698 1051 1754 primum
1084 1697 1152 1738 illo
1186 1697 1276 1752 ipso
1309 1697 1389 1746 die,
1415 1697 1485 1753 qui
1516 1697 1618 1737 mihi
1652 1697 1846 1738 funestus

227 1767 320 1817 suit,
353 1767 546 1808 omnibus
578 1766 699 1806 bonis
732 1765 964 1815 luctuosus,
1001 1779 1129 1820 quum
1162 1778 1241 1819 ego
1277 1778 1344 1804 me
1376 1778 1398 1804 e
1428 1763 1647 1818 complexu
1682 1763 1846 1818 patriae

229 1838 544 1888 conspectuque
577 1837 718 1873 vestro
748 1830 996 1886 eripuissem
1029 1834 1073 1871 et
1108 1837 1225 1870 metu
1257 1828 1386 1869 vestri
1417 1829 1600 1884 periculi,
1634 1844 1717 1869 non
1748 1828 1842 1879 mei,

228 1899 359 1939 furori
385 1897 577 1946 hominis,
602 1896 760 1943 sceleri,
784 1895 994 1950 perfidiae,
1019 1894 1117 1936 telis
1148 1893 1354 1949 minisque
1387 1894 1620 1945 cessissem,
1645 1894 1847 1950 patriam-

228 1979 321 2019 que,
346 1978 453 2018 quae
475 1962 576 2003 mihi
599 1966 693 2002 erat
715 1960 943 2009 carissima,
967 1964 1142 2015 propter
1163 1959 1294 2014 ipsius
1316 1959 1477 2015 patriae
1499 1960 1721 2002 caritatem
1752 1960 1845 2001 reli-

229 2028 439 2084 quissem;
479 2042 607 2082 quum
639 2041 777 2067 meum
807 2025 921 2066 illum
959 2039 1102 2065 casum
1131 2028 1220 2065 tam
1252 2024 1505 2074 horribilem,
1538 2031 1627 2067 tam
1658 2040 1843 2081 gravem,

229 2100 319 2136 tam
336 2093 603 2149 repentinum
624 2107 708 2134 non
729 2091 864 2133 solum
886 2090 1089 2141 homines,
1114 2090 1188 2131 sed
1209 2094 1327 2132 tecta
1346 2090 1463 2132 urbis
1484 2105 1534 2132 ao
1556 2093 1714 2147 templa
1730 2092 1846 2148 luge·

273 2223 470 2263 mellicium]
497 2223 567 2253 The
594 2227 601 2239 ⁴
617 2220 793 2252 medicina’
818 2222 844 2252 is
870 2221 926 2251 the
942 2231 1016 2252 cure

229 2267 332 2296 which
356 2267 491 2297 consists
507 2267 540 2296 iu
556 2267 672 2305 having
692 2266 807 2295 honest
831 2266 961 2295 citizens
983 2269 1016 2295 to

229 2313 354 2350 protect
379 2310 434 2339 the
465 2313 557 2346 state,
587 2310 648 2339 and
673 2310 706 2339 iu
733 2310 914 2348 protecting
938 2309 1017 2338 such

229 2354 370 2389 citizens,
395 2353 527 2383 himself
545 2353 608 2383 and
636 2353 767 2389 Sestius,
792 2352 874 2382 from
897 2352 951 2382 the
967 2355 1015 2382 at-

229 2396 319 2427 tacks
335 2397 371 2426 of
384 2397 438 2426 the
454 2396 527 2426 bad.

273 2450 341 2470 meo
349 2440 444 2479 jure]
481 2440 511 2469 A
537 2448 685 2468 common
716 2438 797 2468 form
828 2439 861 2468 in
893 2438 1014 2469 Cicero.

231 2487 250 2501 “
264 2484 279 2513 I
297 2483 376 2513 have
391 2482 475 2522 good
487 2482 571 2521 right
583 2486 616 2511 to
629 2482 698 2521 give
709 2492 771 2521 you
783 2482 848 2512 this
864 2482 971 2511 advice
982 2481 1013 2518 ;''

230 2527 279 2557 for
304 2526 344 2556 he
369 2536 431 2556 was
456 2536 474 2555 a
501 2528 589 2564 great
615 2525 770 2564 example.
819 2525 877 2555 See
902 2525 962 2554 Pro
981 2525 1012 2554 S.

232 2570 326 2600 Rosc.
343 2569 417 2600 Am.
435 2579 461 2599 c.
480 2570 532 2606 47,
558 2571 565 2585 ‘
580 2578 651 2598 meo
664 2569 735 2607 jure
747 2567 767 2605 3'
793 2568 853 2598 Pro
867 2567 1013 2604 Caecina,

230 2624 257 2644 c.
275 2616 305 2645 9.

274 2656 429 2696 ejusmodi
468 2654 639 2693 consules‚]
689 2654 775 2683 Such
812 2654 939 2684 consuls
977 2663 1011 2684 as

231 2700 304 2729 Piso
315 2699 377 2729 and
391 2699 557 2734 Gabinius,
576 2702 583 2715 ‘
597 2697 764 2737 especially
776 2697 803 2726 if
812 2697 887 2736 they
898 2697 1012 2727 should

229 2747 283 2782 get
306 2743 390 2773 their
405 2741 497 2779 due3’
530 2741 642 2771 should
660 2740 700 2770 be
720 2740 943 2780 punished.—‘
955 2740 1011 2770 bo-

230 2796 343 2817 norum
357 2784 374 2816 :¹
399 2786 525 2821 Caesar,
543 2784 724 2823 Pompeius,
745 2783 807 2813 and
824 2783 1013 2813 Crassus.—

229 2833 236 2846 ‘
249 2830 289 2859 ad
305 2833 411 2870 portas
431 2829 554 2859 sedenti
566 2828 584 2858 ι’
610 2828 724 2858 Caesar
750 2830 769 2844 ‘⁴
782 2826 865 2866 quod
883 2830 1015 2856 eatenus

228 2876 303 2902 ante
320 2876 428 2913 portas
454 2883 526 2902 cum
545 2871 685 2902 exercitu
700 2870 920 2911 permanserit,
937 2880 1014 2909 qua-

228 2920 322 2945 tenus
341 2917 374 2946 in
388 2916 532 2946 exsilium
544 2915 654 2946 Cicero
665 2913 838 2944 discederet
851 2912 870 2925 ''
891 2913 1014 2953 (Schol.

228 2960 347 2999 quoted
364 2959 406 3000 by
425 2959 549 3000 Halm).
584 2958 653 2989 The
670 2957 722 2988 old
744 2960 829 2997 story
846 2956 945 2987 about
960 2956 1015 2986 the

1061 2231 1150 2260 army
1177 2223 1210 2250 at
1236 2220 1292 2251 the
1316 2224 1428 2260 gates;
1463 2221 1566 2251 which
1591 2232 1679 2261 army
1702 2231 1765 2252 was
1787 2223 1845 2252 not

1062 2265 1161 2298 there,
1178 2274 1236 2294 nor
1252 2264 1327 2294 does
1352 2264 1462 2295 Cicero
1485 2275 1558 2295 ever
1584 2275 1639 2305 say
1656 2265 1726 2295 that
1741 2266 1766 2295 it
1782 2275 1845 2296 was

1063 2308 1186 2348 (Quum
1205 2307 1346 2343 Senatui,
1365 2318 1391 2338 c.
1412 2308 1477 2347 13).

1105 2353 1292 2390 Numquam
1318 2350 1419 2390 enim]
1448 2352 1481 2381 P.
1500 2351 1551 2387 G„
1578 2354 1772 2392 ‘numquam
1791 2352 1845 2382 de-

1060 2394 1178 2435 nique‚'
1207 2395 1369 2429 Garatoni,
1395 2394 1537 2433 Madvig,
1557 2395 1664 2425 Halm.
1713 2396 1764 2425 He
1788 2396 1844 2425 has

1061 2438 1127 2468 said
1145 2441 1151 2454 ‘
1168 2437 1332 2474 Primum‚'
1351 2441 1358 2454 ⁴
1372 2437 1518 2474 Deinde,’
1535 2438 1596 2468 and
1608 2448 1678 2468 now
1690 2439 1715 2468 it
1726 2439 1752 2468 is
1769 2449 1844 2478 sup-

1060 2481 1158 2521 posed
1181 2481 1252 2510 that
1274 2481 1313 2510 he
1333 2481 1447 2510 should
1469 2491 1523 2520 say
1541 2484 1547 2498 ‘
1562 2481 1732 2521 Denique.’
1780 2482 1845 2512 But

1061 2528 1068 2541 ⁴
1080 2524 1175 2554 enim’
1201 2524 1227 2554 is
1250 2524 1305 2553 the
1320 2524 1406 2563 right
1421 2524 1519 2553 word.
1568 2525 1620 2554 He
1637 2525 1724 2562 adds,
1750 2528 1769 2542 ‘⁶
1783 2525 1845 2556 For

1059 2578 1154 2597 never
1170 2567 1233 2597 will
1248 2567 1304 2596 the
1320 2571 1428 2596 senate
1444 2567 1483 2596 be
1496 2576 1530 2597 so
1543 2568 1678 2598 erusbed
1693 2578 1728 2598 as
1744 2572 1801 2598 not
1810 2572 1844 2599 to

1059 2611 1138 2640 have
1151 2620 1228 2640 even
1242 2610 1296 2639 the
1312 2620 1418 2649 power
1430 2610 1466 2639 of
1478 2611 1650 2651 intreating
1666 2612 1728 2641 and
1741 2612 1845 2642 show-

1056 2654 1111 2693 ing
1137 2654 1177 2683 its
1203 2652 1358 2689 sorrow;‘'
1394 2653 1497 2683 which
1525 2655 1668 2694 explains
1695 2655 1749 2685 the
1773 2665 1844 2695 pre-

1058 2697 1174 2735 ceding
1190 2700 1349 2726 sentence.

1102 2740 1229 2779 captus]
1259 2742 1267 2756 ‘
1282 2739 1415 2775 Taken,’
1441 2750 1549 2771 means
1572 2741 1647 2771 held
1668 2741 1729 2771 fast
1747 2741 1810 2771 like
1826 2751 1845 2771 a

1058 2783 1212 2822 prisoner,
1229 2783 1378 2822 deprived
1395 2783 1429 2813 of
1443 2794 1558 2823 power.
1607 2785 1658 2814 He
1674 2785 1793 2814 alludes
1809 2787 1843 2815 to

1060 2826 1115 2856 the
1145 2836 1215 2856 case
1241 2826 1277 2855 of
1305 2826 1342 2856 L.
1373 2826 1494 2863 Lamia,
1521 2838 1592 2867 says
1623 2827 1844 2858 Manutius.—

1061 2872 1068 2886 ‘
1081 2869 1167 2899 brevi
1197 2873 1341 2909 tempore
1357 2868 1378 2899 :'

1060 2916 1229 2944 seventeen
1245 2913 1384 2943 months.

1417 2870 1466 2901 his
1497 2871 1577 2901 exile
1614 2871 1716 2902 lasted
1745 2871 1843 2902 about
