2063 3242
322 223 405 265 470
553 222 732 264 ORAT.
765 222 847 263 DE
883 221 1308 263 HARUSPICUM
1344 221 1696 262 RESPONSIS.

320 336 640 392 metuendisque
671 337 819 377 rebus:
858 337 963 377 haec
996 336 1142 376 eadem
1174 335 1379 390 profecto,
1405 350 1511 391 quae
1542 335 1831 391 prospicimus,
1857 334 1932 375 im-

320 401 549 456 pendentia
579 401 904 456 pertilnescetis.
969 400 1140 442 Etenim
1172 401 1275 441 haec
1307 401 1479 442 deorum
1510 401 1810 442 immortalium
1835 415 1931 449 vox,

321 466 425 507 haec
461 481 590 522 paene
623 467 760 507 oratio
798 467 1031 521 judicanda
1067 470 1146 514 est,
1185 481 1312 521 quum
1340 466 1429 521 ipse
1450 467 1643 517 mundus,
1680 481 1809 521 quum
1842 465 1934 520 agri

321 538 451 586 atque
474 537 610 573 terrae
634 538 751 573 motu
774 533 956 587 quodam
979 546 1086 572 novo
1109 532 1441 573 contremiscunt
1472 539 1516 574 et
1546 532 1752 573 inusitato
1775 531 1933 586 aliquid

321 612 425 637 sono
448 597 764 653 incredibilique
786 598 1046 652 praedicunt.
1097 597 1147 637 In
1170 612 1253 652 quo
1276 598 1599 639 constituendae
1621 596 1742 637 nobis
1763 596 1933 651 quidem

321 667 421 704 sunt
453 663 772 718 procurationes
806 667 849 703 et
882 663 1135 711 obsecratio,
1169 663 1521 718 quemadmodum
1553 677 1783 703 monemur.
1847 660 1932 702 Sed

323 728 464 768 faciles
485 734 585 769 sunt
606 743 753 783 preces
775 728 886 782 apud
909 743 981 769 eos
999 728 1069 784 qui
1092 729 1203 770 ultro
1226 728 1348 768 nobis
1369 728 1478 768 viam
1500 727 1651 769 salutis
1673 727 1929 769 ostendunt:

321 798 492 834 nostrae
513 793 633 833 nobis
654 799 754 834 sunt
776 793 887 834 inter
908 809 985 834 nos
1007 794 1093 835 irae
1116 794 1436 848 discordiaeque
1457 793 1700 848 placandae.

324 907 534 947 ‘quibusdam
565 907 697 938 invisis.'
743 908 914 938 Markland
945 908 1103 948 supposed
1148 918 1185 938 ex
1210 908 1297 938 0111111
1314 908 1399 938 faece
1422 907 1509 937 urbis
1532 917 1568 937 ac
1591 907 1717 937 servitio
1740 905 1932 937 concitata.’'

321 950 392 980 that
435 951 645 990 ‘quibusdam
680 952 789 981 multis
803 952 810 965 ’
850 962 913 981 was
955 952 1020 982 said
1055 952 1104 982 for
1150 956 1169 969 ‘⁶
1183 952 1306 991 Injusta
1330 954 1378 981 est
1401 951 1478 981 haec
1501 951 1624 981 lenitas.
1672 950 1770 980 Nullo
1786 951 1855 980 loco
1872 959 1933 980 vox

324 994 449 1023 ‘mult-is
480 994 571 1030 aliis,’
597 995 719 1033 though
746 995 771 1024 it
797 995 823 1024 is
848 996 994 1025 unusual.
1052 995 1105 1025 He
1149 996 1304 1034 quaedam
1334 995 1420 1024 illam
1447 997 1637 1034 potestatem
1668 994 1784 1023 habere
1814 996 1932 1033 potest.

322 1036 432 1066 thinks
458 1037 526 1067 that
550 1037 613 1067 this
639 1048 710 1077 may
736 1038 775 1067 be
793 1039 966 1078 supported
992 1038 1033 1078 by
1049 1038 1105 1068 the
1149 1039 1243 1068 Nova
1259 1038 1414 1077 quaedam
1431 1038 1561 1076 collegia
1577 1037 1734 1067 contraria
1750 1041 1825 1066 sunt
1843 1037 1934 1066 nobis

323 1090 454 1119 passage
472 1081 503 1110 in
520 1080 575 1110 the
598 1081 719 1111 oration
746 1081 783 1110 In
803 1082 864 1111 Pis.
889 1092 915 1111 c.
932 1084 950 1112 4
966 1094 972 1111 :
999 1085 1018 1098 “
1030 1082 1104 1112 Col·
1150 1084 1180 1112 et
1197 1092 1216 1111 a
1229 1082 1351 1111 Senatu
1367 1082 1504 1111 sublatis
1517 1095 1526 1113 .·
1545 1081 1626 1110 sicut
1642 1081 1765 1110 dicetur
1777 1090 1828 1110 res
1839 1081 1933 1109 inau-

321 1123 412 1162 legia,
426 1133 489 1153 non
500 1133 537 1153 ea
548 1124 661 1160 solum,
678 1134 758 1164 quae
771 1124 906 1155 Senatus
923 1125 1103 1161 sustulerat,
1150 1125 1219 1155 dita
1236 1125 1384 1164 quadam,
1409 1125 1570 1154 mirabilis
1585 1124 1740 1163 quaedam
1754 1138 1762 1156 :
1788 1133 1846 1153 nec
1862 1132 1933 1162 per-

323 1167 480 1204 restituta,
498 1167 552 1197 sed
575 1167 819 1198 innumerabilia
843 1168 999 1208 quaedam
1025 1178 1108 1198 nova
1151 1168 1232 1198 tinet
1247 1168 1403 1208 quaedam
1419 1167 1459 1197 ad
1474 1165 1746 1197 innumerabilia''
1765 1165 1898 1208 (Wolf).

1048 1419 1215 1448 Dioeimus.

366 1476 417 1506 lte
429 1476 506 1515 jam,
523 1476 549 1506 si
566 1476 699 1512 videtur,
716 1477 748 1506 in
760 1476 957 1516 suffragium,
975 1477 1142 1514 Lectores3
1166 1487 1322 1508 memores
1338 1477 1377 1508 de
1392 1476 1504 1507 vestris
1520 1476 1615 1507 etiam
1633 1477 1798 1507 sententiis
1811 1476 1934 1517 judica-

322 1523 410 1550 turos
427 1530 496 1550 esse
511 1522 922 1560 posteros.——GESNERUS.

371 1742 391 1756 ‘⁴
408 1739 594 1779 Sequuntur
610 1738 725 1769 deinde
742 1739 867 1769 Novem
891 1738 1062 1774 orationes,
1080 1748 1158 1778 quas
1174 1737 1271 1768 habet
1292 1737 1390 1768 codex
1406 1737 1585 1777 primarius,
1603 1736 1763 1768 Parisinus
1778 1736 1831 1767 ille
1845 1747 1937 1768 num.

329 1783 427 1819 7794.
483 1783 608 1812 Harum
641 1792 755 1822 agmen
788 1783 910 1812 ducunt
934 1783 1093 1811 orationes
1126 1781 1198 1811 illae
1229 1784 1389 1821 quattuor,
1422 1791 1500 1820 quas
1528 1781 1611 1810 Frid.
1644 1781 1726 1819 Aug.
1752 1780 1888 1811 Wolfius
1918 1791 1937 1811 a

328 1826 482 1856 Cicerone
503 1826 636 1865 scriptas
658 1835 727 1855 esse
749 1826 887 1864 negavit,
904 1835 963 1855 nos
978 1829 1084 1855 tamen
1103 1834 1227 1854 summo
1249 1829 1373 1854 oratore
1389 1825 1520 1854 minime
1543 1824 1686 1863 indignas
1702 1823 1800 1853 videri
1813 1824 1935 1863 judica-

329 1879 400 1898 mus
424 1879 488 1898 una
513 1869 567 1898 illa
590 1872 735 1908 excepta,
764 1879 858 1908 quam
887 1869 1006 1908 populo
1033 1868 1148 1907 gratias
1175 1877 1271 1905 agens
1302 1867 1449 1897 habuisse
1473 1867 1584 1897 fertur.
1631 1867 1811 1897 Laturusne
1841 1867 1937 1897 fuerit

328 1912 467 1941 WVolfius
483 1912 616 1941 eandem
634 1912 835 1947 sententiam,
861 1912 886 1941 si
902 1922 987 1941 nunc
1003 1910 1059 1940 has
1075 1911 1244 1946 orationes,
1262 1914 1431 1950 postquam
1448 1910 1556 1940 multis
1572 1910 1695 1940 mendis
1716 1910 1860 1940 codicum
1876 1920 1937 1950 ope

329 1958 517 1994 repurgatae
545 1958 630 1990 511111,
657 1955 786 1994 legeret,
812 1964 1079 1993 supervacaneum
1105 1958 1152 1983 est
1177 1963 1348 1992 quaerere3
1373 1953 1428 1983 sed
1453 1953 1514 1984 hoc
1540 1953 1651 1983 saltem
1675 1953 1805 1983 1101111116
1829 1963 1936 1993 repre-

329 1997 517 2027 hendendus
544 1997 679 2033 videtur,
708 1998 804 2037 quod,
820 2002 857 2027 ut
873 1997 1028 2036 Madvigii
1048 1997 1150 2026 verbis
1173 1995 1221 2036 (in
1243 1997 1362 2036 Opusc.
1379 1997 1466 2026 acad.
1494 1997 1514 2026 i.
1540 2007 1572 2036 p.
1601 1998 1661 2028 193
1686 1996 1771 2035 not.)
1795 1999 1934 2033 utamur,

331 2040 537 2070 Gruterianas
553 2040 661 2070 sordes
677 2041 835 2079 exagitare
858 2041 971 2070 maluit
987 2044 1150 2080 tamquam
1172 2040 1392 2070 declamatoris
1407 2040 1542 2079 ineptias
1567 2050 1661 2079 quam
1678 2039 1837 2076 adhibitis,
1854 2050 1936 2080 quae

329 2087 440 2123 parata
455 2087 556 2119 erant,
581 2083 714 2123 aliisque
737 2084 868 2123 provisis
893 2083 1039 2113 subsidiis
1055 2084 1088 2113 in
1105 2083 1271 2113 emendata
1294 2083 1450 2122 scriptura
1470 2086 1591 2113 certum
1615 2093 1731 2122 ponere
1747 2083 1936 2113 fundamen-

329 2130 398 2156 tum
412 2126 431 2141 ”
448 2125 490 2166 (Ι.
509 2127 548 2157 G.
567 2126 714 2156 Baiterus
725 2130 757 2157 et
767 2126 803 2157 C.
823 2127 982 2163 Halmius,
999 2127 1032 2156 in
1048 2126 1130 2157 their
1141 2127 1268 2157 Preface
1280 2130 1314 2157 to
1324 2127 1379 2156 the
1395 2126 1510 2157 second
1520 2130 1591 2166 part
1602 2127 1639 2156 of
1651 2125 1779 2156 Orelli’s
1795 2126 1935 2157 Cicero's

328 2169 490 2206 Orations,
511 2170 591 2200 1855
612 2192 619 2199 .

374 2212 408 2242 If
430 2213 522 2243 these
546 2168 672 2242 leained
697 2212 815 2243 editors
842 2213 905 2243 had
929 2213 1080 2253 carefully
1110 2212 1184 2243 read
1215 2212 1334 2243 Wolf's
1359 2212 1487 2243 Preface
1511 2215 1545 2243 to
1569 2212 1619 2242 his
1639 2212 1758 2242 edition
1784 2212 1820 2242 of
1845 2212 1935 2242 these

330 2256 470 2285 orations
486 2255 547 2286 and
573 2256 622 2286 his
645 2259 747 2293 notes,
765 2266 801 2286 or
817 2256 845 2286 if
857 2257 932 2296 they
949 2256 1010 2286 had
1033 2256 1135 2286 stated
1152 2256 1236 2286 what
1259 2256 1308 2286 his
1331 2259 1515 2295 arguments
1541 2256 1663 2295 against
1685 2256 1774 2286 these
1795 2255 1935 2285 orations

330 2299 427 2338 really
443 2309 506 2334 are,
532 2298 606 2339 they
623 2299 728 2328 would
753 2299 833 2330 have
858 2310 931 2329 seen
956 2299 1027 2329 that
1051 2299 1078 2329 if
1100 2299 1190 2329 these
1217 2299 1356 2330 orations
1372 2309 1454 2329 were
1480 2309 1515 2330 so
1541 2299 1662 2339 purged
1688 2308 1722 2328 as
1748 2302 1782 2328 to
1806 2299 1935 2328 contain

330 2342 465 2380 nothing
488 2341 545 2371 but
567 2342 623 2372 the
647 2346 756 2381 purest
780 2343 885 2379 Latin,
902 2343 994 2373 Wolf
1013 2346 1100 2372 must
1123 2343 1188 2372 still
1210 2342 1290 2372 have
1317 2343 1459 2372 declax-ed
1486 2343 1574 2372 them
1601 2342 1747 2381 spurious
1770 2341 1821 2372 for
1843 2341 1935 2372 those

330 2394 459 2415 reasons
475 2384 577 2414 which
593 2385 633 2414 he
649 2385 705 2415 has
722 2386 824 2416 stated
841 2386 874 2415 in
890 2386 939 2416 his
964 2386 1113 2422 Preface;
1136 2386 1184 2415 for
1207 2385 1234 2415 if
1253 2385 1307 2416 the
1324 2385 1465 2425 Latinity
1481 2396 1538 2416 can
1555 2386 1594 2415 be
1610 2385 1701 2415 made
1715 2385 1781 2415 free
1796 2385 1877 2415 from
1893 2385 1935 2414 all

331 2437 472 2463 censure,
490 2427 579 2457 there
602 2428 665 2458 still
688 2428 809 2458 remain
826 2429 917 2459 those
943 2429 1119 2468 objections
1135 2432 1168 2459 to
1191 2429 1246 2458 the
1264 2429 1473 2468 genuineness
1490 2428 1526 2458 of
1546 2429 1635 2459 these
1656 2428 1816 2468 speeches‚
1831 2427 1935 2458 which

331 2480 384 2501 are
400 2473 457 2501 not
473 2470 611 2500 founded
627 2481 668 2500 on
685 2471 739 2501 the
754 2472 918 2511 language,
935 2472 995 2502 but
1009 2482 1051 2502 on
1067 2472 1159 2502 other
1174 2476 1289 2502 matter
1305 2472 1371 2513 (see
1385 2482 1417 2512 p.
1434 2471 1525 2512 297).
