2002 3235
759 169 892 212 GAP.
925 171 963 221 2,
988 172 1026 211 3.
1601 178 1682 218 239

142 284 327 335 Quorum
348 281 613 337 amplissimis
629 282 798 337 judiciis
819 287 1004 332 ornatus,
1028 288 1226 339 quaestor
1248 284 1386 324 factus
1408 289 1487 326 est.

142 348 205 389 M.
230 349 399 397 Pisone,
423 347 493 402 qui
519 362 751 402 cognomen
776 348 1044 403 frugalitatis,
1067 348 1147 389 nisi
1177 348 1420 404 accepisset,
1446 348 1534 405 ipse
1563 365 1683 406 pepe-

82 413 220 455 risset.

142 477 259 519 Idem
281 493 433 519 novum
454 477 606 518 bellum
627 477 813 532 suscepit
833 482 961 533 atque
983 478 1177 520 confecit.

140 543 235 583 Non
276 543 406 584 Asiae
456 543 648 592 testibus,
700 543 774 583 sed
823 543 1137 586 accusatoribus
1182 543 1550 585 contubernalibus
1599 550 1683 586 tra-

83 608 197 649 ditus
231 609 255 634 *
288 608 326 648 *.

142 736 230 778 ΙΙΙ.
264 737 393 779 Hunc
421 737 550 793 igitur
571 737 715 788 virum,
750 737 879 787 Laeli,
910 738 1060 793 quibus
1092 739 1262 780 tandem
1284 739 1408 780 rebus
1439 741 1683 795 oppugnas?

85 801 188 842 Fuit
223 802 273 842 P.
304 802 478 843 Servilio
508 802 761 858 imperatore
789 804 831 843 in
856 803 1001 845 Cilicia
1038 804 1232 845 tribunus
1265 804 1456 846 militum.
1519 805 1584 846 Ea
1616 820 1683 846 res

81 865 239 906 siletur.
303 866 406 908 Fuit
429 867 492 907 M.
516 867 660 907 Pisoni
691 873 890 922 quaestor
911 868 952 908 in
976 867 1198 922 Hispania.
1263 868 1363 909 Vox
1385 870 1436 911 de
1458 876 1684 926 quaestura

80 930 208 970 missa
229 931 341 971 nulla
363 937 439 972 est.
502 931 665 972 Bellum
682 932 881 974 Cretense
903 948 955 973 ex
977 947 1129 987 magna
1144 938 1265 988 parte
1281 935 1426 988 gessit,
1449 941 1579 990 atque
1600 951 1683 977 una

81 1009 177 1035 cum
201 1009 362 1036 summo
391 996 644 1050 imperatore
677 997 891 1039 sustinuit.
955 997 1081 1038 Muta
1117 1002 1183 1039 est
1217 998 1342 1052 hujus
1378 1000 1579 1055 temporis
1615 1016 1682 1042 ac-

81 1060 255 1101 cusatio.
320 1060 551 1102 Praeturae
560 1062 813 1116 jurisdictio,
830 1077 898 1103 res
914 1063 1026 1103 varia
1048 1068 1091 1104 et
1112 1063 1328 1118 multiplex
1349 1065 1403 1105 ad
1424 1065 1682 1120 suspiciones

80 1130 123 1166 et
156 1125 405 1175 simultates,
441 1141 524 1167 non
557 1127 797 1183 attingitur.
874 1127 938 1168 At
963 1142 1062 1168 vero
1091 1128 1133 1168 in
1161 1143 1324 1169 summo
1354 1135 1397 1171 et
1422 1129 1682 1184 periculosis-

79 1189 184 1231 simo
206 1191 263 1231 rei
281 1191 469 1246 publicae
486 1199 674 1247 tempore
691 1180 822 1234 etiani
833 1193 886 1233 ab
901 1192 1076 1233 inimicis
1094 1193 1238 1234 eadem
1257 1199 1454 1248 praetura
1471 1195 1679 1237 laudatur.

78 1255 202 1296 —At
221 1271 246 1296 a
268 1257 447 1297 testibus
468 1257 964 1312 laeditur.—Antequam
987 1258 1080 1298 dico
1102 1273 1127 1298 a
1144 1259 1305 1313 quihus,
1326 1274 1407 1314 qua
1425 1274 1510 1314 spe,
1531 1274 1611 1315 qua
1627 1260 1678 1310 vi,

79 1334 160 1374 qua
176 1335 219 1361 re
236 1322 470 1371 concitatis,
490 1337 571 1377 qua
588 1323 772 1373 levitate,
790 1337 870 1377 qua
885 1328 1089 1377 egestate,
1106 1338 1187 1378 qua
1203 1324 1389 1378 perfidia,
1409 1339 1490 1379 qua
1506 1325 1682 1366 audacia

78 1386 292 1440 praeditiS,
321 1386 457 1427 dicam
482 1387 532 1427 de
563 1402 717 1442 genere
744 1388 936 1428 universo
966 1392 1009 1428 et
1038 1388 1087 1428 de
1119 1388 1357 1430 conditione
1380 1390 1563 1430 omnium
1585 1405 1679 1431 nos-

78 1455 206 1490 trum.
259 1450 342 1490 Per
359 1452 458 1492 deos
476 1452 744 1503 immortales,
764 1453 940 1507 judices,
964 1467 1048 1503 vos,
1073 1454 1279 1507 quomodo
1303 1454 1338 1494 is
1361 1454 1431 1509 qui
1452 1469 1560 1495 anno
1581 1461 1680 1497 ante

80 1514 238 1556 Romae
254 1516 326 1569 jus
348 1516 512 1557 dixerat
530 1532 638 1558 anno
661 1523 757 1572 post
780 1518 821 1557 in
841 1517 945 1558 Asia
962 1518 1033 1572 jus
1055 1518 1208 1559 dixerit
1230 1533 1254 1559 a
1271 1520 1450 1560 testibus
1472 1520 1681 1574 quaeretis

78 1579 234 1633 ignotis
249 1581 261 1620 ἓ
292 1580 370 1636 ipsi
386 1582 630 1636 conjectura
647 1583 748 1623 nihil
761 1583 1034 1636 judicabitis?
1097 1583 1147 1623 In
1164 1590 1250 1624 tam
1266 1584 1679 1638 variaju1·isdictione

77 1649 166 1684 tam
200 1644 334 1686 multa
367 1646 547 1697 decreta,
584 1651 650 1688 tot
685 1647 899 1688 hominum
935 1648 1216 1702 gratiosorum
1251 1648 1386 1688 laesas
1426 1649 1679 1691 voluntates

80 1709 196 1761 Quae
217 1715 284 1750 est
312 1725 509 1765 umquam
525 1711 644 1765 jacta
672 1727 753 1752 non
783 1712 977 1767 suspicio,
1001 1727 1106 1767 quae
1139 1718 1280 1753 tamen
1310 1713 1418 1754 solet
1439 1729 1530 1755 esse
1560 1715 1676 1765 falsa,

78 1775 151 1815 sed
187 1775 426 1816 iracundiae
454 1791 535 1817 vox
567 1783 642 1818 aut
669 1777 852 1819 doloris?

77 1839 287 1880 uberrima
318 1855 363 1881 re
398 1846 521 1896 turpe
554 1842 858 1897 compendium,

121 1955 152 1984 3.
178 1955 216 1984 P.
230 1955 384 1995 Servilio]
413 1956 581 1992 Isauricus,
599 1957 709 1986 consul
728 1967 791 1987 13.c.
806 1959 858 1994 79,

78 1997 149 2026 who
174 1997 235 2026 had
263 2008 281 2027 a
300 1999 441 2037 triumph
468 1999 516 2028 for
541 2000 590 2029 his
616 2000 762 2030 victories
787 2010 860 2030 over
906 2023 914 2030 .
933 2024 940 2031 .
960 2023 967 2030 .

78 2040 132 2069 ‘she
150 2040 250 2070 Isauri
265 2041 328 2070 and
345 2041 491 2071 Cilicians
519 2042 605 2081 (Vol.
623 2042 650 2072 I.
669 2043 759 2072 Verr.
776 2043 808 2073 ii.
832 2045 858 2073 1.

79 2093 107 2112 c.
122 2082 308 2164 {lv-Pupius
324 2126 395 2155 Piso
408 2137 470 2156 was
483 2136 636 2165 governor
652 2127 688 2157 of
703 2128 859 2167 Hispania

78 2168 160 2217 after
176 2168 224 2198 his
241 2169 448 2208 praetorship,
471 2169 530 2199 but
545 2170 598 2199 the
615 2180 688 2209 year
703 2170 729 2200 is
744 2180 856 2200 uncer-

79 2215 189 2283 tal'¹1¹¹l1e
220 2253 336 2284 Cretan
366 2265 430 2284 war
454 2265 515 2284 was
546 2255 721 2285 conducted
745 2255 787 2294 by
815 2255 855 2288 Q.

79 2296 231 2326 Metellus
261 2297 404 2327 Creticus
436 2297 561 2337 (consul
592 2308 656 2328 13.c.
689 2299 756 2338 69).
805 2298 857 2328 He

79 2339 181 2378 began
202 2340 256 2369 the
272 2350 334 2370 war
358 2340 390 2370 in
412 2350 477 2371 ΒΛ).
495 2342 536 2371 68
562 2340 637 2381 (Pro
654 2341 800 2377 Murena,
828 2351 855 2371 c.

79 2381 189 2454 35>she
219 2425 419 2466 Praetorship
448 2426 484 2456 of
507 2426 638 2456 Flaccus
663 2426 715 2456 fell
743 2427 774 2456 in
800 2427 854 2456 the

79 2477 152 2506 year
177 2468 212 2497 of
232 2468 394 2499 Catilina’s
421 2469 536 2499 second
564 2469 745 2509 conspiracy
772 2472 852 2510 (uc.

81 2509 170 2582 ⁴²33&
196 2563 214 2582 a
240 2555 372 2584 testibus
396 2555 564 2594 laeditur]
600 2555 677 2590 Yes,
704 2565 773 2594 says
800 2555 855 2585 the

80 2599 272 2633 prosecutor,
289 2595 403 2627 buthe
425 2598 451 2627 is
474 2597 625 2636 damaged
650 2598 691 2637 by
715 2598 770 2627 the
786 2598 854 2627 wit-

80 2647 196 2667 nesses.
244 2638 304 2667 His
337 2639 496 2669 character
525 2641 551 2669 is
579 2641 615 2670 of
646 2650 687 2670 no
707 2641 798 2670 value
824 2641 856 2670 in

81 2680 145 2709 this
162 2690 240 2715 case,
257 2680 305 2710 for
316 2691 361 2711 we
377 2682 455 2711 have
471 2683 618 2713 evidence
634 2684 756 2722 against
771 2684 846 2713 him.

125 2724 225 2752 laesas
246 2724 432 2754 voluntates.
482 2726 568 2761 Quae
586 2726 645 2765 est]
674 2726 781 2755 Baiter
796 2726 858 2755 and

82 2765 189 2795 others
204 2766 277 2795 read
295 2770 302 2782 ‘
317 2766 438 2802 laesac‚'
452 2767 509 2797 but
524 2768 578 2798 the
591 2772 738 2798 sentence
755 2779 855 2799 seems

81 2811 114 2837 to
141 2808 178 2837 be
204 2808 385 2847 imperfect3
419 2813 426 2826 ‘
441 2820 520 2849 quae
544 2811 610 2840 est'
639 2812 737 2850 ought
761 2815 793 2841 to
817 2812 856 2851 b,e

82 2850 137 2879 the
152 2851 267 2880 second
283 2855 354 2890 part
369 2852 404 2881 of
423 2852 478 2882 the
494 2857 649 2889 sentence,
667 2854 767 2883 which
784 2865 852 2884 cor-

81 2893 234 2932 responds
260 2896 293 2923 to
318 2893 372 2924 the
393 2894 461 2925 first
482 2899 562 2934 part,
589 2897 645 2926 ‘In
667 2900 732 2926 tam
749 2897 851 2927 varia’

913 1777 973 1818 Et
1001 1777 1036 1818 is
1064 1783 1129 1818 est
1160 1792 1255 1818 reus
1285 1777 1496 1826 avaritiae,
1535 1779 1605 1833 qui
1638 1780 1680 1820 in

901 1842 943 1883 in
979 1842 1373 1884 maledicentissima
1413 1843 1596 1894 civitate,
1638 1844 1679 1885 in

906 1960 962 1988 8ιο.
1011 1958 1117 1988 Baiter
1139 1957 1246 1997 points
1269 1957 1294 1987 it
1313 1957 1407 1987 thus:
1433 1958 1494 1988 ‘In
1515 1961 1580 1988 tam
1596 1958 1680 1988 varia

993 2002 1191 2031 voluntates:
1232 2011 1312 2040 quae
1342 2004 1390 2030 est
1418 2000 1590 2040 umquam’
1622 2004 1678 2031 &c.

906 2044 971 2073 But
988 2044 1051 2073 this
1068 2044 1142 2073 does
1157 2046 1214 2073 not
1230 2044 1303 2082 help
1320 2053 1367 2074 us.
1413 2044 1451 2074 T.
1468 2044 1524 2074 has
1542 2045 1678 2074 ‘laesas’

903 2086 919 2115 I
947 2086 1039 2116 think
1064 2087 1134 2115 that
1158 2086 1184 2116 is
1211 2086 1266 2115 the
1293 2090 1363 2116 true
1388 2087 1527 2126 reading,
1555 2088 1617 2116 and
1647 2087 1683 2118 of

903 2138 1012 2158 course
1044 2129 1164 2158 ‘multa
1194 2129 1337 2158 decreta'
1365 2129 1390 2158 is
1421 2130 1475 2159 the
1501 2131 1680 2160 accusative

902 2171 979 2200 also.
1026 2171 1078 2201 No
1096 2171 1191 2201 Latin
1215 2172 1336 2201 scholar
1351 2172 1413 2201 will
1437 2173 1502 2202 find
1523 2183 1583 2211 any
1600 2174 1679 2203 diffi-

902 2214 988 2253 culty
1005 2214 1037 2243 in
1054 2214 1142 2243 these
1158 2215 1359 2249 accusatives,
1372 2215 1433 2244 and
1449 2216 1503 2245 the
1519 2216 1679 2256 following

902 2261 1049 2286 sentence
1066 2260 1073 2272 ‘
1087 2256 1176 2289 Quae
1193 2261 1241 2286 est
1253 2256 1260 2269 ’
1279 2259 1334 2287 διε.
1352 2258 1377 2286 is
1393 2257 1469 2287 then
1488 2258 1584 2297 plain.

945 2300 978 2328 in
995 2300 1158 2328 uberrima
1175 2299 1225 2338 re]
1272 2302 1278 2316 ‘
1294 2299 1334 2329 In
1350 2310 1368 2329 a
1384 2304 1498 2330 matter
1514 2302 1614 2331 which
1631 2302 1678 2332 of-

900 2341 985 2371 fered
1016 2345 1099 2371 most
1129 2341 1293 2371 abundant
1329 2344 1592 2382 opportunities;'
1629 2345 1677 2375 his

899 2384 1107 2423 praetorship.
1170 2384 1221 2414 He
1258 2395 1321 2415 was
1361 2386 1490 2416 Praetor
1528 2387 1676 2417 urbanus.

901 2427 1173 2466 ‘Compendium'
1200 2428 1225 2457 is
1253 2429 1348 2466 profit
1376 2428 1461 2468 (Vol.
1483 2429 1509 2459 1.
1526 2430 1616 2460 Verr.
1643 2430 1675 2460 ii.

899 2472 929 2500 3.
947 2481 973 2499 c.
991 2472 1060 2505 46).
1108 2470 1210 2499 Rome
1233 2480 1295 2499 was
1319 2481 1338 2500 a
1362 2472 1425 2510 city
1450 2472 1485 2501 of
1505 2472 1592 2511 lying
1614 2473 1676 2502 and

899 2513 1045 2552 calumny
1063 2512 1405 2552 (maledicentissima);
1429 2524 1463 2543 as
1484 2514 1516 2543 in
1538 2515 1591 2544 the
1607 2525 1675 2544 ora-

900 2556 966 2584 tion
996 2556 1053 2584 Pro
1080 2555 1126 2584 M.
1145 2555 1263 2591 Caelio,
1286 2566 1311 2584 c.
1333 2557 1389 2585 16:
1415 2560 1434 2572 “
1447 2557 1490 2586 At
1506 2557 1589 2586 fama
1605 2558 1675 2587 fuit.

902 2599 1162 2637 Quotusquisque
1184 2602 1231 2627 est
1252 2598 1305 2637 qui
1327 2598 1419 2627 istam
1442 2599 1579 2637 effugere
1604 2610 1674 2638 pos-

903 2642 942 2670 sit
967 2642 999 2670 in
1026 2645 1090 2670 tam
1123 2641 1273 2669 maledica
1304 2640 1462 2670 civitate.'’
1510 2642 1582 2671 Lics
1613 2642 1674 2672 and

902 2684 1047 2723 calumny
1065 2683 1178 2712 floated
1195 2683 1289 2712 about
1307 2683 1359 2712 old
1378 2683 1488 2713 Rome.
1536 2684 1577 2713 So
1601 2685 1625 2713 it
1647 2685 1674 2714 is

902 2737 971 2756 now
989 2727 1019 2756 in
1040 2727 1149 2761 Rome,
1176 2726 1189 2755 I
1215 2736 1368 2765 suppose3
1391 2726 1452 2754 and
1476 2727 1626 2766 certainly
1642 2727 1673 2756 in

900 2770 990 2799 other
1006 2773 1115 2798 towns.
1162 2769 1189 2798 A
1207 2779 1335 2807 passage
1358 2778 1427 2807 may
1445 2768 1484 2797 be
1507 2770 1672 2808 cmnpnrcd

901 2813 974 2842 with
992 2812 1054 2842 this
1071 2813 1101 2841 in
1119 2812 1172 2841 the
1188 2812 1281 2841 letter
1294 2811 1342 2841 Ad
1357 2811 1512 2844 Quintum
1532 2812 1672 2842 Fratrem

899 2855 932 2895 (i.
954 2857 979 2886 l.
997 2865 1022 2886 c.
1040 2855 1073 2895 7)
1089 2867 1095 2884 :
1122 2858 1141 2872 ‘⁴
1156 2854 1246 2887 Quod
1265 2854 1289 2884 si
1307 2854 1382 2884 haec
1396 2853 1541 2890 lcnitas,”
1560 2857 1619 2885 &c-
