2002 3235
758 196 890 238 OAP.
925 197 992 246 31,
1026 198 1094 237 32.
1631 200 1713 240 203

115 311 223 353 filius
243 312 482 353 nominetur
500 328 510 358 ;
545 309 641 351 huic
662 323 803 365 puero,
822 309 891 365 qui
905 314 970 350 est
991 309 1028 350 ei
1042 309 1128 350 vita
1148 323 1224 349 sua
1239 309 1370 349 multo
1385 309 1530 358 carior,
1549 310 1711 359 metuit,

116 377 183 418 cui
204 377 373 418 honoris
394 377 584 431 integros
603 376 767 416 fructus
791 389 872 415 non
902 374 958 415 sit
978 374 1222 422 traditurus,
1244 388 1296 414 ne
1317 379 1530 414 aeternam
1560 389 1715 414 memo-

114 442 217 482 riam
239 441 454 483 dedecoris
486 441 705 495 relinquat.
770 439 854 480 Hic
877 454 950 479 vos
983 444 1087 485 orat,
1116 439 1293 493 judices,
1316 453 1467 493 parvus
1489 444 1538 479 ut
1567 453 1612 478 se
1643 439 1714 478 ali-

115 507 291 562 quando,
315 507 349 547 si
376 521 459 546 non
486 506 651 560 integra
679 505 860 554 fortuna,
894 509 940 545 at
976 512 1025 545 ut
1059 504 1227 553 afflicta,
1263 504 1373 558 patri
1403 518 1477 544 suo
1511 503 1715 557 gratulari

114 572 289 619 sinatis;
324 572 420 612 huic
455 571 606 612 misero
639 570 805 611 notiora
840 575 940 610 sunt
956 568 1214 623 judiciorum
1246 569 1397 610 itinera
1427 574 1470 610 et
1491 568 1570 609 sori
1593 583 1716 623 quam

116 636 251 691 campi
265 641 308 677 et
330 635 655 691 disciplinarum.
718 634 814 675 Non
835 635 923 689 jam
946 635 996 674 de
1020 634 1104 675 vita
1128 634 1179 675 P.
1199 634 1349 683 Sullae,
1369 634 1544 687 judices,
1570 634 1643 674 sed
1666 634 1716 673 de

115 701 327 756 sepultura
349 701 629 742 contenditur.
692 699 796 740 Vita
818 704 964 754 erepta
985 705 1050 740 est
1076 699 1290 754 superiore
1308 699 1467 753 judicio
1488 716 1495 740 :
1531 713 1641 739 nunc
1664 714 1716 739 ne

115 781 264 821 corpus
292 766 484 820 ejiciatur
518 766 768 807 laboramus.
831 764 940 816 Quid
966 764 1075 805 enim
1107 771 1172 805 est
1200 764 1296 804 huic
1319 764 1462 819 reliqui
1491 763 1600 819 quod
1622 778 1717 804 eum

116 831 157 871 in
192 831 277 872 vita
312 832 390 871 hac
425 835 580 880 teneat,
615 835 690 871 aut
721 829 818 884 quid
852 834 918 870 est
952 830 1222 883 quamobrem
1258 830 1360 870 haec
1403 829 1596 883 cuiquam
1632 828 1717 869 vita

115 897 306 937 videatur
325 897 335 936 Ξ
367 895 584 936 XXXII.
610 895 754 949 Nuper
771 895 805 935 is
822 895 945 934 homo
966 894 1046 935 fuit
1067 894 1109 934 in
1127 894 1297 935 civitate
1317 894 1366 935 P.
1388 894 1515 941 Sulla,
1531 899 1579 935 ut
1595 909 1716 935 nemo

116 962 152 1003 ei
181 976 225 1002 se
257 976 389 1016 neque
422 961 580 1001 honore
614 974 746 1015 neque
779 959 917 1014 gratia
949 974 1084 1013 neque
1108 959 1287 1000 fortunis
1320 960 1573 1001 anteferret:
1608 973 1717 999 nunc

116 1027 320 1082 spoliatus
342 1026 453 1067 omni
471 1026 678 1081 dignitate
700 1039 805 1080 quae
823 1030 968 1080 erepta
990 1030 1088 1065 sunt
1109 1039 1189 1065 non
1209 1025 1387 1079 repetit;
1423 1025 1533 1079 quod
1550 1024 1718 1065 fortuna

115 1092 157 1132 in
177 1092 295 1132 malis
323 1091 466 1146 reliqui
489 1091 601 1140 fecit,
635 1095 683 1131 ut
704 1104 798 1130 curn
829 1094 1014 1145 parente,
1040 1104 1134 1130 cum
1156 1089 1309 1138 liberis,
1335 1104 1429 1130 eum
1459 1089 1599 1134 fratre,
1624 1104 1718 1129 cum

117 1158 181 1198 his
202 1157 450 1198 necessariis
470 1157 614 1211 lugere
645 1170 761 1196 suam
794 1155 1078 1196 calamitatem
1107 1154 1243 1203 liceat,
1266 1155 1308 1195 id
1337 1154 1415 1195 sibi
1438 1169 1488 1194 ne
1517 1154 1715 1209 eripiatis,

116 1237 200 1271 vos,
221 1222 396 1276 judices,
420 1222 673 1263 obtestatur.
737 1220 798 1261 Te
825 1220 959 1274 ipsum
976 1221 1078 1274 jam,
1104 1220 1331 1274 Torquate,
1355 1220 1569 1274 expletum
1594 1220 1718 1274 hujus

117 1288 294 1328 miseriis
331 1302 420 1328 esse
456 1302 532 1342 par
566 1291 671 1327 erat.
749 1285 846 1326 Etsi
883 1285 983 1325 nihil
1018 1286 1129 1325 aliud
1168 1285 1305 1325 Sullae
1342 1285 1419 1325 nisi
1456 1284 1719 1325 consulatum

117 1353 407 1401 abstulissetis,
430 1358 570 1393 tamen
587 1366 635 1392 eo
660 1355 883 1392 contentos
905 1364 978 1390 vos
996 1365 1086 1390 esse
1104 1351 1340 1405 oportebat.
1404 1349 1592 1390 Honoris
1608 1349 1718 1389 enim

118 1418 332 1458 contentio
355 1432 427 1458 vos
459 1418 511 1458 ad
538 1431 740 1464 caussam,
765 1430 846 1455 non
874 1414 1113 1456 inimicitiae
1147 1415 1423 1456 deduxerunt.
1486 1415 1568 1455 Sed
1590 1429 1718 1469 quum

117 1483 212 1523 huic
238 1482 376 1523 omnia
408 1497 502 1523 cum
531 1482 688 1522 honore
714 1481 906 1522 detracta
933 1481 1029 1530 sint,
1055 1495 1182 1535 quum
1211 1480 1252 1520 in
1275 1480 1353 1520 hac
1385 1480 1553 1521 fortuna
1574 1480 1717 1520 miser—

118 1549 222 1589 rima
242 1563 291 1588 ac
314 1547 622 1588 luctuosissima
645 1545 873 1587 destitutus
890 1546 957 1592 sit,
983 1546 1082 1600 quid
1104 1550 1170 1586 est
1191 1546 1300 1600 quod
1323 1550 1497 1600 expetas
1516 1545 1719 1600 amplius?

121 1613 300 1654 Lucisne
322 1613 427 1653 hanc
450 1626 617 1652 usuram
650 1611 808 1666 eripere
831 1611 903 1659 vis,
928 1610 1092 1665 plenam
1120 1611 1382 1650 lacrimarum
1407 1618 1534 1664 atque
1560 1624 1717 1650 maero-

117 1679 187 1727 ris,
210 1678 252 1718 in
273 1693 354 1733 qua
376 1692 469 1718 cum
491 1676 673 1716 maximo
696 1675 885 1716 cruciatu
906 1682 1035 1730 atque
1061 1675 1202 1716 dolore
1224 1675 1456 1715 retinetur?
1519 1674 1719 1715 Libenter

118 1810 312 1844 institutum,
330 1812 362 1839 et
378 1808 416 1838 ab
433 1807 668 1837 accusatoribus
685 1807 808 1837 ostendi
825 1817 894 1836 cru-

120 1858 228 1882 entum
246 1853 394 1892 gladium.
412 1855 443 1881 et
460 1852 540 1880 lecta
554 1860 570 1880 e
586 1850 768 1880 vulneribus
784 1859 855 1879 ossa
867 1854 899 1879 et

119 1901 220 1925 vestes
248 1895 399 1934 sanguine
430 1894 572 1933 perfusas
598 1894 741 1923 videmus
772 1897 803 1923 et
831 1893 897 1922 vul-

120 1949 195 1968 nera
222 1938 335 1968 resolvi
365 1947 401 1966 ac
424 1937 586 1966 verberata
613 1946 744 1975 corpora
774 1935 897 1965 nudari.

122 1982 262 2014 Quarum
288 1991 392 2010 rerum
415 1981 526 2019 ingens
550 1980 737 2018 plerumque
764 1979 808 2008 vis
839 1982 897 2014 est,

121 2025 205 2054 velut
228 2024 259 2053 in
284 2033 349 2053 rem
373 2026 570 2062 praesentem
594 2023 717 2051 animos
733 2021 898 2051 hominum

122 2064 371 2097 inducentium.’'

167 2111 270 2148 campi
288 2112 316 2138 et
335 2107 606 2146 disciplinarum]
656 2107 724 2136 The
747 2107 899 2136 exercises

123 2153 154 2183 in
186 2153 239 2182 the
265 2152 403 2191 Campus
435 2150 571 2179 Martius
598 2149 659 2178 and
687 2150 740 2178 the
764 2149 898 2185 schools,

122 2195 224 2225 which
250 2195 303 2224 the
328 2194 427 2233 youth
451 2194 476 2223 is
501 2192 657 2231 supposed
680 2196 712 2221 to
730 2192 808 2220 have
824 2201 899 2230 neg-

123 2238 224 2269 lc‹·ted
255 2238 286 2267 in
312 2237 402 2266 order
427 2241 459 2265 to
485 2236 557 2265 seek
582 2235 636 2265 the
667 2235 758 2264 roads
785 2238 818 2263 to
846 2234 900 2263 the

124 2282 230 2321 places
255 2281 287 2310 of
309 2280 379 2310 trial
403 2279 463 2309 and
488 2280 541 2308 the
565 2278 678 2307 forum.
725 2277 777 2307 All
794 2277 857 2306 this
873 2277 899 2306 is

124 2324 301 2359 rhetorical,
318 2323 484 2360 according
500 2327 533 2351 to
550 2322 604 2350 the
620 2321 702 2350 rules
719 2320 754 2350 of
766 2324 824 2355 art,
842 2319 898 2348 but

125 2368 214 2397 there
229 2368 254 2397 is
271 2376 312 2396 no
328 2366 463 2405 genuine
486 2365 603 2403 feeling
621 2374 656 2392 or
672 2367 796 2402 orator-y
814 2363 845 2392 in
863 2362 896 2391 it.

126 2428 163 2432 —
172 2413 178 2426 ¹
187 2411 249 2439 vita
258 2409 276 2439 :’
294 2409 348 2439 the
361 2418 575 2447 consequence
588 2407 686 2436 ofthe
699 2406 816 2435 former
828 2405 898 2434 trial

126 2453 157 2482 in
175 2452 275 2482 which
292 2453 378 2481 Sulla
393 2462 454 2481 was
471 2450 644 2484 convicted,
668 2459 730 2478 was
746 2459 764 2478 a
782 2448 897 2477 ‘demi-

127 2496 217 2525 nutio
244 2495 375 2534 capitis.'
422 2494 483 2523 We
511 2497 595 2522 must
625 2492 706 2522 infer
730 2492 808 2521 from
837 2491 899 2520 this

128 2548 258 2577 passage
274 2542 342 2567 that
358 2547 376 2567 a
392 2537 635 2566 condemnation
656 2536 688 2564 in
705 2535 758 2564 the
775 2538 901 2573 present

128 2581 199 2610 trial
222 2580 324 2609 would
349 2580 388 2609 be
413 2579 554 2609 followed
580 2579 620 2617 by
647 2578 702 2608 the
727 2582 847 2616 ‘aquae
870 2581 900 2605 et

129 2624 209 2661 ignis
225 2622 424 2658 interdictio,’
443 2622 578 2661 perhaps
594 2622 641 2651 for
658 2621 719 2656 life,
737 2620 798 2650 and
817 2620 902 2649 Sulla

129 2666 232 2695 would
253 2665 478 2704 consequently
495 2669 550 2694 not
573 2664 612 2694 be
636 2664 745 2694 buried
763 2663 836 2692 with
854 2662 902 2691 his

130 2709 257 2738 fathers.
301 2708 404 2737 There
428 2708 453 2736 is
476 2718 493 2736 a
517 2708 578 2736 like
597 2716 726 2747 passage
742 2706 839 2735 about
855 2707 902 2734 in-

130 2754 268 2780 ferment
295 2751 327 2779 111
352 2750 406 2779 the
429 2750 548 2779 oration
575 2750 634 2779 Pro
659 2750 694 2779 C.
715 2749 852 2783 Rabirio,
877 2758 903 2778 c.

135 2796 191 2824 13:
219 2797 350 2832 “neque
373 2802 391 2821 a
413 2792 501 2821 vobis
521 2793 586 2830 jam
610 2792 690 2821 bene
708 2791 829 2821 vivendi
851 2791 904 2819 sed

132 2837 263 2865 honeste
291 2835 441 2864 moriendi
468 2835 647 2864 facultatem
673 2835 770 2874 petit:
804 2843 906 2872 neque

132 2883 197 2909 tam
226 2882 260 2907 ut
285 2878 378 2907 domo
402 2888 458 2907 sua
480 2877 602 2907 fruatur
625 2887 718 2917 quam
744 2887 784 2906 ne
803 2877 903 2916 patrio

134 2921 277 2961 sepulcro
307 2921 446 2960 privetur
472 2919 627 2950 laborat.’'
688 2919 767 2950 This
798 2929 859 2949 was
886 2929 904 2948 a

945 1807 1049 1836 ‘locus
1077 1805 1275 1841 communis‚'
1292 1805 1441 1845 expected
1466 1805 1502 1835 of
1525 1805 1579 1834 the
1603 1808 1718 1841 orator,

943 1850 1004 1879 and
1022 1849 1180 1889 produced
1198 1850 1236 1889 by
1250 1849 1314 1878 him
1332 1859 1365 1878 as
1382 1859 1399 1878 a
1416 1853 1530 1878 matter
1541 1849 1577 1877 of
1590 1858 1716 1878 course:

945 1893 1069 1932 “hujus
1096 1902 1150 1922 vos
1177 1893 1273 1921 animi
1299 1896 1504 1921 monumenta
1530 1891 1717 1926 retinebitis,

943 1936 1080 1975 corporis
1105 1936 1136 1964 in
1166 1935 1258 1964 Italia
1288 1935 1409 1964 nullum
1442 1935 1620 1973 sepulcrum
1652 1944 1719 1963 esse

943 1978 1136 2018 patiemini''
1155 1977 1232 2017 (Pro
1250 1978 1383 2014 Milone,
1402 1988 1426 2007 c.
1446 1977 1513 2017 38).

987 2023 1038 2051 32.
1065 2031 1135 2050 cum
1162 2021 1327 2060 parente]
1372 2021 1421 2050 He
1446 2030 1547 2050 seems
1570 2023 1603 2049 to
1626 2030 1718 2049 mean

944 2065 992 2094 his
1017 2064 1151 2093 mother.
1198 2063 1266 2092 The
1294 2063 1422 2093 brother
1447 2063 1472 2092 is
1499 2063 1535 2092 L.
1554 2063 1717 2093 Caecilius.

943 2110 995 2128 —-‘
1008 2107 1134 2136 honoris
1151 2106 1311 2135 contentio
1325 2105 1343 2135 :⁷
1369 2108 1375 2122 ⁴
1390 2106 1444 2135 the
1461 2110 1582 2135 contest
1601 2106 1648 2135 for
1664 2106 1719 2135 the

944 2150 1124 2188 consulship
1141 2149 1386 2178 '—-‘destitutus
1399 2148 1418 2178 :'
1444 2149 1522 2178 “for
1547 2149 1719 2178 ‘constitu-

944 2191 1016 2222 tus’
1044 2192 1116 2221 with
1143 2192 1198 2221 the
1224 2192 1395 2221 additional
1417 2192 1525 2221 notiori
1547 2192 1582 2221 of
1604 2195 1611 2207 ⁴
1626 2192 1720 2230 being

945 2235 1088 2264 deserted
1101 2234 1107 2246 ’
1124 2233 1143 2247 ”
1162 2233 1301 2274 (Halm).
1347 2234 1424 2264 This
1440 2235 1466 2264 is
1483 2235 1537 2264 the
1560 2235 1717 2272 meaning,

945 2277 1001 2306 but
1017 2278 1086 2316 why
1102 2278 1128 2306 is
1145 2287 1204 2306 one
1221 2277 1303 2306 word
1321 2277 1477 2316 supposed
1495 2283 1526 2307 to
1544 2277 1581 2306 be
1598 2282 1654 2316 put
1672 2277 1720 2306 for

944 2320 1076 2349 another
1090 2321 1100 2349 ?
1137 2320 1223 2349 Sulla
1239 2320 1264 2349 is
1281 2320 1312 2349 in
1328 2330 1346 2349 a
1363 2326 1445 2349 most
1462 2320 1626 2350 miserahle
1643 2330 1717 2349 con-

944 2363 1054 2398 dition,
1072 2362 1133 2392 and
1155 2362 1305 2391 destitute
1329 2367 1381 2392 too
1407 2363 1442 2392 of
1463 2373 1552 2402 every
1570 2364 1661 2402 thing
1685 2367 1719 2392 to

944 2406 1015 2444 help
1032 2405 1108 2434 him.

986 2450 1125 2478 Lucisne
1153 2449 1235 2476 hanc
1259 2448 1406 2487 usuram]
1455 2448 1532 2477 This
1555 2448 1581 2477 is
1605 2457 1665 2477 one
1687 2447 1723 2477 of

945 2491 1083 2521 Cicero's
1107 2491 1315 2529 expressions,
1340 2491 1402 2520 like
1424 2491 1479 2520 the
1502 2491 1663 2529 following
1686 2491 1718 2519 111

947 2535 1110 2564 Lucretius
1128 2533 1184 2573 (iii.
1202 2534 1275 2568 971,
1293 2533 1340 2562 ed.
1360 2533 1557 2573 Lachmann)
1572 2545 1624 2562 :—

990 2593 1158 2631 “Vitaque
1176 2591 1330 2630 mancipio
1350 2592 1427 2621 nulli
1451 2591 1551 2628 datur,
1573 2591 1719 2621 omnibus

1054 2634 1146 2665 usu.”

949 2704 1018 2733 Life
1042 2703 1068 2732 is
1095 2706 1150 2731 not
1177 2712 1195 2731 a
1222 2705 1379 2740 property.
1427 2701 1548 2730 Nature
1574 2701 1658 2739 gives
1683 2710 1719 2729 us

950 2747 1023 2785 only
1051 2746 1105 2775 the
1129 2754 1183 2774 use
1199 2754 1233 2774 or
1254 2744 1437 2782 enjoyment
1453 2743 1488 2772 of
1509 2744 1542 2772 it.
1590 2748 1596 2758 ⁴
1615 2743 1718 2772 Usus’

950 2790 975 2818 is
992 2800 1030 2818 an
1047 2792 1145 2818 estate
1163 2788 1209 2816 for
1225 2787 1278 2816 life
1292 2787 1375 2824 (vol.
1396 2786 1437 2815 ll.
1456 2786 1513 2814 Pro
1531 2785 1673 2818 Caecina.
1692 2795 1719 2814 c.

952 2835 980 2868 4,
1006 2836 1080 2861 note
1104 2841 1144 2860 on
1175 2831 1258 2860 Usu-i
1282 2834 1313 2859 ct
1337 2829 1480 2866 fructus).
1529 2830 1586 2858 See
1604 2828 1673 2857 Vol.
1693 2828 1719 2857 l.

948 2875 1037 2905 Verr.
1055 2875 1085 2904 ii.
1103 2876 1133 2904 3.
1151 2884 1177 2903 c.
1195 2875 1246 2909 62,
1264 2876 1338 2902 note
1355 2882 1395 2901 on
1413 2871 1528 2901 Usura.
