2063 3242
297 125 380 165 196
779 123 957 163 ORAT.
991 122 1111 164 PRO
1146 123 1196 163 P.
1221 121 1425 164 SULLA

304 236 557 278 Honestatis
584 240 628 278 et
650 236 868 292 dignitatis
890 237 1086 278 habuisse
1108 236 1230 277 nimis
1250 251 1447 292 magnam
1469 236 1687 291 judicatus
1709 241 1776 278 est
1798 237 1911 292 cupi-

301 302 507 350 ditatem;
544 317 669 358 quam
692 303 726 343 si
749 317 870 343 nemo
892 302 999 342 alius
1022 302 1169 342 habuit
1191 302 1232 342 in
1264 302 1482 343 consulatu
1506 302 1700 357 petendo,
1725 302 1914 357 cupidior

297 367 514 422 judicatus
531 374 597 408 est
617 367 683 408 hic
705 367 832 407 fuisse
854 381 977 421 quam
1001 366 1131 407 ceteri
1151 384 1158 408 :
1194 367 1257 406 sin
1280 367 1407 407 etiam
1430 367 1471 407 in
1492 367 1583 407 aliis
1604 367 1812 407 nonnullis
1832 367 1912 408 fuit

300 433 381 474 iste
413 433 656 474 consulatus
684 448 814 481 amor,
838 433 1009 473 fortuna
1030 432 1071 472 in
1094 433 1173 472 hoc
1206 432 1285 473 fuit
1306 433 1486 473 fortasse
1517 433 1685 487 gravior
1714 448 1837 487 quam
1870 433 1910 473 in

301 498 465 539 ceteris.
530 498 688 538 Postea
717 513 813 538 vero
846 498 938 552 quis
974 497 1024 538 P.
1054 497 1226 546 Sullam,
1263 498 1341 538 nisi
1377 504 1648 546 maerentem,
1686 498 1911 538 demissum

301 563 584 618 afflictumque
613 562 742 604 vidit?
774 562 865 617 quis
898 577 1094 617 umquam
1122 568 1187 603 est
1218 563 1469 617 suspicatus,
1508 563 1617 603 hunc
1645 563 1780 618 magis
1814 564 1909 604 odio

300 644 424 685 quam
439 630 596 684 pudore
614 629 826 668 hominum
844 633 1060 683 aspectum
1079 627 1295 683 lucemque
1314 628 1472 668 vitare?
1534 629 1614 680 Qui
1630 644 1754 684 quum
1777 629 1910 669 multa

298 695 474 735 haberet
496 694 768 735 invitamenta
790 694 904 733 urbis
935 698 978 734 et
1001 693 1078 733 fori
1109 699 1280 747 propter
1311 708 1473 733 summa
1505 694 1644 734 studia
1665 694 1906 744 amicorum,

299 775 405 816 quae
426 764 569 801 tamen
598 759 634 799 ei
663 759 752 800 sola
782 759 825 799 in
847 758 966 799 malis
994 758 1258 806 restiterunt,
1292 758 1399 799 afuit
1429 759 1481 798 ab
1513 760 1643 800 oculis
1669 759 1831 809 vestris,
1865 764 1909 801 et

298 841 425 880 quum
447 825 538 879 lege
560 824 814 865 retineretur
835 824 923 879 ipse
946 838 991 864 se
1013 823 1158 864 exsilio
1181 839 1310 878 paene
1332 824 1564 865 mulctavit.
1618 824 1831 866 XXVII.
1859 824 1908 864 In

296 891 375 932 hoc
402 905 475 931 vos
502 890 671 945 pudore,
698 890 878 944 judices,
911 894 953 930 et
987 889 1028 929 in
1060 889 1136 929 hac
1166 889 1252 930 vita
1284 894 1406 930 tanto
1438 889 1584 930 sceleri
1614 889 1750 930 locum
1781 889 1907 930 fuisse

297 956 495 997 creditis?
557 955 751 1010 Aspicite
773 955 920 1010 ipsum,
941 954 1199 996 contuemini
1217 969 1275 1001 os,
1292 954 1480 995 conferte
1502 955 1657 995 crimen
1677 970 1772 995 cum
1793 955 1903 998 vita:

295 1022 425 1063 vitam
446 1024 500 1062 ab
531 1022 651 1062 initio
681 1036 811 1076 usque
839 1022 893 1061 ad
925 1021 1004 1061 hoc
1042 1026 1210 1075 tempus
1239 1021 1492 1076 explicatam
1525 1036 1618 1062 cum
1642 1021 1813 1062 crimine
1844 1037 1906 1062 re-

296 1087 553 1142 cognoscite.
619 1087 752 1127 Mitto
782 1102 869 1127 rem
898 1086 1121 1140 publicam,
1158 1101 1263 1141 quae
1300 1087 1381 1127 fuit
1413 1101 1577 1141 semper
1615 1086 1753 1126 Sullae
1782 1087 1905 1127 caris-

294 1153 422 1193 sima:
458 1152 588 1192 hosne
618 1152 786 1200 amicos,
812 1152 918 1192 tales
941 1151 1062 1199 viros,
1086 1156 1173 1192 tam
1207 1152 1381 1206 cupidos
1401 1152 1476 1200 sui,
1502 1167 1573 1206 per
1596 1166 1700 1206 quos
1722 1167 1788 1192 res
1816 1152 1906 1206 ejus

293 1217 501 1258 secundae
551 1217 762 1270 quondam
815 1222 934 1257 erant
975 1222 1160 1263 ornatae,
1216 1232 1325 1257 nuuc
1375 1218 1646 1257 sublevantur
1690 1217 1902 1267 adversae,

294 1281 580 1322 crudelissime
614 1281 749 1336 perire
771 1281 912 1329 voluit,
948 1286 997 1322 ut
1026 1296 1118 1321 cum
1159 1281 1337 1322 Lentulo
1360 1288 1402 1322 et
1426 1281 1606 1323 Catilina
1637 1288 1681 1323 et
1715 1282 1904 1336 Cethego

292 1346 575 1387 foedissimam
606 1346 733 1386 vitam
769 1361 818 1386 ac
851 1346 1126 1386 miserrimam
1158 1347 1401 1401 turpissima
1431 1352 1567 1387 morte
1598 1347 1815 1401 proposita
1836 1348 1905 1388 de-

290 1413 441 1466 geret?
503 1411 612 1459 Non,
642 1412 823 1466 inquam,
849 1411 965 1452 cadit
994 1411 1035 1451 in
1067 1411 1144 1452 hos
1176 1427 1324 1461 mores,
1360 1427 1441 1452 non
1473 1412 1514 1452 in
1546 1412 1657 1452 hunc
1686 1413 1901 1466 pudorem,

291 1478 429 1518 nonin
451 1478 559 1518 hanc
578 1478 720 1527 vitam,
746 1492 829 1517 non
852 1477 892 1517 in
915 1477 1024 1518 hunc
1048 1477 1257 1518 hominem
1276 1478 1358 1519 ista
1380 1478 1575 1533 suspicio.
1638 1478 1758 1518 Nova
1780 1494 1904 1534 quae-

292 1545 387 1584 dam
410 1544 479 1584 illa
506 1544 745 1584 immanitas
767 1548 917 1584 exorta
940 1549 1032 1590 est3
1066 1544 1322 1585 incredibilis
1344 1544 1423 1585 fuit
1444 1559 1492 1585 ac
1515 1544 1737 1599 singularis
1758 1544 1899 1593 furor;

291 1624 342 1650 ex
359 1610 503 1650 multis
520 1610 573 1650 ab
588 1609 873 1649 adolescentia
891 1608 1078 1649 collectis
1092 1609 1351 1664 perditorum
1373 1610 1585 1650 hominum
1603 1609 1714 1650 vitiis
1731 1614 1903 1664 repente

292 1679 413 1715 tanta
438 1675 521 1715 ista
554 1674 853 1729 importunitas
885 1674 1061 1715 inauditi
1093 1674 1264 1715 sceleris
1297 1675 1469 1715 exarsit.
1533 1674 1687 1724 Nolite,
1721 1675 1899 1729 judices,

291 1740 500 1788 arbitrari,
525 1740 738 1780 hominum
771 1740 884 1780 illum
912 1739 1111 1794 impetum
1146 1746 1189 1780 et
1222 1745 1421 1780 conatum
1451 1740 1770 1794 fuisse—neque
1792 1739 1902 1780 enim

291 1805 376 1845 ulla
407 1819 510 1860 gens
531 1810 618 1844 tam
641 1805 821 1845 barbara
852 1810 928 1846 aut
956 1810 1044 1845 tam
1079 1805 1271 1845 immanis
1302 1820 1498 1859 umquam
1530 1805 1609 1846 fuit
1636 1805 1677 1845 in
1705 1820 1786 1861 qua
1818 1821 1901 1846 non

292 1871 416 1910 modo
439 1874 516 1918 tot,
538 1870 611 1910 sed
634 1885 740 1910 unus
761 1876 850 1910 tam
869 1870 1047 1910 crudelis
1069 1870 1202 1910 hostis
1225 1871 1386 1925 patriae
1408 1871 1463 1911 sit
1486 1871 1900 1911 inventus—belluae

293 1936 498 1990 quaedam
526 1935 618 1975 illae
644 1950 696 1976 ex
733 1935 942 1990 portentis
978 1935 1180 1976 immanes
1212 1951 1261 1976 ac
1288 1936 1412 1982 ferae,
1445 1938 1577 1977 forma
1605 1936 1818 1976 hominum
1840 1936 1898 1976 in-

293 2002 430 2050 dutae,
467 2000 736 2041 exstiterunt.
802 2000 1038 2055 Perspicite
1067 2000 1195 2041 etiam
1227 2006 1353 2056 atquc
1387 2001 1526 2051 etiam,
1558 2001 1900 2056 judices,—nihil

292 2066 401 2106 enim
443 2073 508 2106 est
549 2066 658 2120 quod
700 2065 741 2105 in
783 2065 860 2105 hac
902 2080 1052 2106 caussa
1093 2066 1172 2106 dici
1214 2067 1348 2121 possit
1388 2067 1899 2122 vehementius—penitus

294 2130 555 2185 introspicite
598 2131 814 2180 Catilinae,
866 2131 1078 2179 Autronii,
1128 2131 1318 2186 Cethegi,
1371 2132 1540 2173 Lentuli
1581 2138 1898 2187 ceterorumque

293 2201 480 2236 mentes:
516 2211 619 2250 quas
649 2211 721 2236 vos
753 2196 793 2236 in
817 2196 880 2236 his
902 2196 1105 2245 libidines,
1130 2212 1236 2252 quae
1267 2197 1438 2251 flagitia,
1464 2212 1567 2252 quas
1598 2197 1893 2252 turpitudines,

293 2266 471 2315 quantas
503 2261 711 2308 audacias,
741 2276 865 2315 quam
896 2261 1159 2303 incredibiles
1189 2262 1361 2309 furores,
1390 2278 1493 2316 quas
1525 2268 1647 2302 notas
1678 2262 1894 2312 scelerum,

292 2341 397 2381 quae
429 2325 581 2366 indicia
612 2327 938 2381 parricidiorum,
964 2333 1145 2381 quantos
1173 2342 1345 2367 acervos
1381 2327 1611 2368 facinorum
1644 2327 1891 2382 reperietis!

294 2391 362 2431 Ex
384 2391 548 2445 magnis
570 2396 613 2431 et·
636 2391 845 2432 diuturnis
877 2398 919 2432 et
945 2392 1034 2445 jam
1067 2392 1301 2446 desperatis
1323 2392 1381 2432 rei
1411 2393 1599 2446 publicae
1627 2393 1784 2433 morbis
1813 2393 1896 2434 ista

290 2461 462 2512 repente
484 2456 545 2496 vis
573 2457 723 2511 erupit,
749 2462 795 2496 ut-
821 2471 870 2496 ea
895 2456 1086 2497 confecta
1109 2462 1152 2497 et
1183 2458 1320 2511 ejecta
1350 2457 1638 2498 convalescere
1673 2457 1893 2512 aliqua-ndo

289 2526 332 2562 et
354 2522 492 2562 sanari
519 2521 671 2562 civitas
693 2526 848 2576 posset.
911 2521 1059 2576 Neque
1091 2523 1200 2563 enim
1231 2528 1297 2563 est
1318 2523 1535 2577 quisquam
1557 2523 1626 2578 qui
1648 2523 1890 2572 arbitretur,

335 2646 402 2683 leqe
418 2644 628 2683 retineretur]
659 2643 728 2673 The
745 2644 811 2673 Lex
830 2643 1001 2682 Calpurnia
1017 2644 1069 2674 did
1114 2643 1204 2674 him.’
1259 2645 1328 2674 The
1359 2645 1443 2675 word
1475 2645 1530 2675 has
1561 2646 1624 2676 this
1654 2657 1771 2685 among
1800 2647 1892 2677 other

291 2691 348 2718 not
374 2688 475 2717 inflict
499 2687 554 2716 the
576 2687 704 2726 penalty
720 2687 756 2716 of
776 2687 865 2716 exile.
911 2687 989 2716 This
1013 2697 1067 2725 pe-
1114 2688 1295 2725 meanings:
1319 2692 1468 2717 “summo
1485 2689 1644 2718 hominem
1661 2690 1799 2727 ingenio,
1816 2700 1890 2720 nos-

290 2731 377 2770 nalty
408 2741 470 2760 was
508 2729 675 2759 contained
706 2730 738 2758 in
769 2730 824 2758 the
856 2730 921 2759 Lex
952 2730 1066 2766 Tullia,
1112 2731 1215 2769 trique
1232 2731 1467 2769 cupidissimum
1482 2731 1501 2744 ’'
1520 2732 1584 2771 (De
1601 2732 1656 2762 Or.
1677 2733 1698 2764 i.
1716 2732 1784 2773 22).
1831 2733 1890 2763 See

290 2773 391 2803 which
416 2783 479 2803 was
498 2772 628 2802 enacted
656 2772 735 2802 after
760 2772 874 2802 Sulla’s
890 2773 1066 2802 conviction
1111 2773 1182 2803 Vol.
1203 2774 1228 2803 1.
1248 2774 1306 2803 Pro
1326 2774 1467 2810 Fonteio,
1485 2785 1510 2804 c.
1533 2777 1580 2805 10.

287 2817 337 2847 for
354 2815 533 2851 ‘ambitus,’
550 2815 611 2845 and
628 2816 659 2844 in
677 2815 815 2846 Cicero's
831 2815 1024 2855 consulship.
1155 2818 1276 2852 Nolite,
1295 2817 1452 2857 judic-es]
1496 2818 1652 2858 Compare
1676 2817 1731 2848 the
1757 2828 1888 2858 passage

331 2860 382 2895 27.
407 2860 540 2899 cupidos
555 2858 633 2898 θιὼ]
652 2893 655 2897 ,
671 2861 678 2875 ‘
692 2858 733 2889 So
755 2858 850 2888 much
866 2858 1011 2889 attached
1032 2861 1065 2889 to
1112 2859 1150 2889 In
1168 2859 1237 2890 Cat.
1255 2859 1298 2890 iii.
1320 2861 1376 2891 10:
1403 2864 1422 2877 “
1438 2861 1476 2890 In
1493 2861 1553 2891 hoc
1568 2865 1674 2891 autem
1691 2860 1789 2892 uno.’'
