2063 3242
260 161 343 202 352
729 159 910 202 ORAT.
943 159 1026 201 DE
1060 158 1240 202 DOMO
1274 158 1397 202 SUA

260 273 527 315 sacerdotum
557 273 698 330 populi
732 274 912 315 Romani
939 274 1098 329 judicio
1131 289 1180 315 ac
1211 277 1428 329 potestate
1460 276 1628 314 versata
1659 276 1737 323 est,
1761 272 1866 313 haec

259 340 447 394 profecto
469 344 590 381 tanta
621 345 698 390 est,
724 344 771 380 ut
793 340 927 380 omnis
958 340 1018 380 rei
1048 340 1242 394 publicae
1274 339 1470 394 dignitas,
1497 339 1681 378 omnium
1712 338 1865 379 civium

260 402 385 455 salus,
410 405 507 453 vita,
537 405 722 455 libertas,
757 420 866 455 arae,
905 405 999 455 foci,
1030 405 1085 445 dii
1114 410 1302 460 penates,
1332 405 1454 453 bona,
1490 405 1697 452 fortunae,
1735 403 1866 443 domi-

260 471 366 519 cilia,
399 475 562 512 vestrae
596 470 840 525 sapientiae,
864 470 973 520 fidei,
1008 471 1213 525 potestati
1237 470 1462 511 commissa
1493 468 1737 523 creditaque
1769 483 1861 509 esse

259 537 493 578 videantur.
558 535 694 576 Vobis
716 535 917 576 hodierno
947 536 1012 576 die
1045 535 1391 576 constituendum
1414 539 1491 584 est,
1516 540 1657 575 utrum
1689 535 1866 589 posthac

259 606 449 643 amentes
488 616 536 641 ac
577 601 767 656 perditos
808 601 1086 655 magistratus
1141 601 1427 655 improborum
1467 615 1517 640 ac
1566 599 1868 640 sceleratorum

261 667 412 709 civium
443 666 648 721 praesidio
679 666 850 715 nudare,
874 681 927 706 an
959 666 1089 707 etiam
1125 666 1297 706 deorum
1333 664 1631 706 immortalium
1668 664 1868 719 religione

259 747 422 773 armare
455 732 623 772 malitis.
687 731 796 771 Nam
836 731 869 771 si
904 731 974 771 illa
1003 731 1119 771 labes
1150 745 1199 771 ac
1231 731 1399 771 flamma
1430 730 1488 770 rei
1520 729 1709 784 publicae
1746 744 1867 770 suum

260 798 374 838 illum
395 797 640 852 pestiferum
669 802 713 838 et
741 797 955 837 funestum
980 796 1256 843 tribunatum,
1281 811 1403 851 quem
1434 796 1650 850 aequitate
1684 795 1869 835 humana

259 863 370 905 tueri
392 877 473 903 non
495 867 652 917 potest,
677 862 816 902 divina
838 862 1038 917 religione
1061 861 1305 911 defenderit,
1330 861 1436 901 aliae
1454 860 1726 901 caerimoniae
1748 860 1869 900 nobis

260 933 397 976 erunt,
420 928 487 968 alii
508 927 721 967 antistites
743 927 916 967 deorum
938 926 1247 976 immortalium,
1267 926 1336 966 alii
1352 926 1606 980 interpretes
1620 925 1868 980 religionum

261 993 510 1048 requirendi.
575 992 648 1032 Sin
681 997 824 1032 autem
845 997 986 1033 vestra
1016 991 1272 1033 auctoritate
1303 991 1605 1046 sapientiaque,
1630 991 1864 1045 pontifices,

262 1073 311 1099 ea
332 1073 438 1113 quae
473 1058 612 1098 furore
643 1058 927 1112 improborum
958 1072 1002 1097 re
1035 1057 1200 1112 publica
1231 1058 1285 1097 ab
1317 1056 1409 1097 aliis
1446 1071 1657 1111 oppressa,
1696 1057 1750 1096 ab
1778 1056 1871 1096 aliis

261 1124 444 1171 deserta,
477 1124 529 1163 ab
560 1123 652 1163 aliis
683 1123 862 1177 prodita,
885 1127 1008 1177 gesta
1035 1128 1136 1162 sunt
1167 1122 1475 1170 rescinduntur,
1506 1121 1588 1162 erit
1620 1136 1770 1162 caussa
1798 1136 1872 1161 cur

262 1188 479 1229 consilium
514 1187 719 1241 majorum
752 1188 795 1226 in
835 1186 1103 1241 amplissimis
1139 1186 1238 1227 viris
1273 1187 1328 1227 ad
1363 1186 1602 1227 sacerdotia
1639 1186 1870 1242 deligendis

257 1253 353 1307 jure
384 1267 433 1292 ac
455 1252 605 1292 merito
634 1252 805 1292 laudare
834 1252 1055 1307 possimus.
1119 1252 1202 1292 Sed
1226 1252 1422 1306 quoniam
1444 1252 1510 1293 ille
1540 1252 1723 1302 demens,
1748 1252 1783 1292 si
1804 1266 1867 1301 ea,

262 1332 368 1372 quae
389 1332 462 1372 per
495 1318 572 1357 hos
608 1317 697 1357 dies
719 1331 797 1371 ego
834 1317 876 1357 in
908 1323 1058 1358 senatu
1078 1317 1128 1357 de
1159 1332 1203 1357 re
1226 1317 1391 1371 publica
1426 1318 1550 1367 sensi,
1575 1317 1870 1372 vituperasset,

262 1383 442 1437 aliquem
463 1397 508 1423 se
530 1382 691 1422 aditum
713 1383 766 1422 ad
787 1397 910 1424 aures
924 1388 1085 1423 vestras
1102 1397 1194 1423 esse
1216 1382 1459 1423 habiturum
1475 1383 1652 1438 putavit,
1678 1382 1873 1423 omittam

263 1448 451 1488 ordinem
485 1447 648 1488 dicendi
678 1463 840 1489 meum:
876 1448 1141 1503 respondebo
1176 1447 1357 1488 hominis
1389 1447 1534 1488 furiosi
1565 1463 1648 1487 non
1679 1447 1871 1496 orationi,

263 1528 345 1568 qua
374 1513 440 1554 ille
473 1513 535 1554 uti
566 1528 648 1553 non
676 1517 830 1567 potest,
865 1514 938 1553 sed
975 1513 1175 1563 convicio,
1212 1513 1333 1567 cujus
1365 1513 1710 1554 exercitationem
1745 1527 1873 1568 quum

264 1578 515 1620 intolerabili
537 1578 786 1633 petulantia,
809 1583 901 1620 tum
923 1579 1051 1619 etiam
1072 1579 1271 1620 diuturna
1292 1578 1543 1634 impunitate
1565 1578 1754 1619 munivit.

324 1644 384 1685 ΙΙ.
420 1645 486 1685 Ac
520 1644 700 1699 primum
735 1644 837 1684 illud
870 1659 895 1684 a
931 1649 986 1694 te,
1021 1643 1188 1684 homine
1217 1659 1371 1684 vesano
1401 1659 1451 1684 ac
1486 1643 1655 1693 furioso,
1693 1642 1872 1698 requiro,

265 1724 371 1764 quae
393 1714 436 1749 te
458 1714 580 1750 tanta
607 1724 744 1764 poena
775 1714 945 1750 tuorum
976 1709 1181 1749 scelerum
1210 1709 1547 1764 flagitiorumque
1570 1713 1705 1757 vexet,
1729 1715 1776 1748 ut
1799 1709 1875 1748 hos

264 1774 370 1815 tales
397 1774 519 1823 viros,
551 1774 618 1828 qui
650 1789 733 1814 non
764 1774 899 1814 solum
930 1774 1115 1814 consiliis
1143 1774 1241 1821 suis,
1274 1774 1348 1814 sed
1377 1774 1505 1814 etiam
1541 1774 1681 1829 specie
1711 1773 1802 1828 ipsa
1832 1778 1877 1815 et

267 1838 475 1893 dignitate
506 1852 593 1878 rem
624 1838 832 1892 publicam
864 1838 1091 1887 sustinent,
1125 1839 1238 1893 quod
1267 1853 1345 1893 ego
1376 1839 1418 1878 in
1452 1838 1664 1879 sententia
1699 1838 1875 1879 dicenda

267 1903 445 1944 salutem
484 1903 636 1943 civium
670 1918 765 1943 cum
801 1903 959 1944 honore
993 1904 1067 1944 On.
1099 1903 1289 1959 Pompeii
1326 1904 1626 1958 conjunxerim,
1651 1903 1751 1944 mihi
1785 1918 1877 1944 esse

267 1968 410 2017 iratos,
436 1972 479 2008 et
504 1967 627 2008 aliter
656 1968 706 2007 de
738 1982 901 2008 summa
937 1968 1138 2023 religione
1174 1969 1253 2010 hoc
1281 1974 1473 2023 tempore
1505 1983 1703 2010 sensuros
1738 1983 1788 2009 ac
1810 1983 1877 2009 me

267 2034 444 2073 absente
481 2032 701 2082 senserint,
734 2033 955 2074 arbitrere.
1020 2033 1173 2083 Fuisti,
1206 2033 1355 2089 inquit,
1390 2038 1482 2074 tum
1512 2034 1625 2088 apud
1655 2033 1878 2089 pontifices

312 2155 370 2185 illa
402 2154 504 2194 labes]
567 2155 710 2191 Clodius,
741 2155 812 2185 who
843 2155 869 2185 is
900 2155 987 2185 often
1018 2165 1052 2186 so

270 2198 434 2228 called.-‘
447 2208 503 2237 per
526 2199 583 2228 hos
609 2199 675 2228 dies
690 2198 710 2227 :’
745 2199 778 2228 in
810 2199 864 2228 the
891 2199 967 2238 days
992 2199 1052 2228 im-

270 2241 439 2280 mediately
456 2242 537 2271 after
560 2242 609 2271 his
632 2245 753 2276 return,
770 2242 862 2271 when
887 2242 927 2271 he
955 2242 1054 2282 spoke
1098 2242 1125 2272 is
1152 2246 1210 2272 not
1228 2242 1283 2272 the
1306 2243 1453 2281 meaning
1479 2243 1515 2272 of
1539 2242 1716 2272 ‘munivit.'
1763 2241 1879 2272 Wolf's

270 2284 367 2313 about
384 2284 438 2313 the
455 2285 540 2322 price
556 2285 591 2313 of
604 2284 677 2313 food
695 2284 760 2324 (Ad
777 2285 844 2314 Att.
862 2285 902 2314 iv.
923 2285 965 2325 l).
1099 2285 1303 2324 explanation
1320 2289 1327 2301 ‘
1342 2286 1479 2315 firmavit
1495 2291 1527 2315 et
1543 2286 1628 2315 acuit
1639 2285 1646 2298 '
1664 2286 1690 2314 is
1706 2294 1826 2315 nearer.

315 2327 459 2355 ordinem
476 2327 618 2366 dicendi]
670 2327 721 2356 He
738 2337 808 2366 says
824 2331 856 2357 at
872 2327 926 2357 the
945 2328 1005 2357 end
1022 2327 1057 2357 of
1142 2330 1171 2357 2.
1195 2327 1326 2367 vesano]
1376 2331 1383 2345 ‘
1397 2328 1553 2364 Vaesano,
1582 2327 1640 2363 P.‚'
1664 2328 1781 2364 Baiter,
1808 2327 1879 2357 who

272 2369 326 2399 the
345 2372 421 2398 next
445 2369 592 2409 chapter:
619 2370 803 2399 “Nondum
828 2370 867 2399 de
890 2381 960 2400 mea
983 2381 1052 2400 sen-
1097 2370 1195 2400 refers
1212 2375 1244 2400 to
1261 2371 1411 2409 Wagner,
1440 2371 1592 2410 Orthogr.
1610 2371 1728 2409 Vergil.
1753 2381 1785 2410 p.
1804 2372 1877 2406 478,

272 2412 373 2442 tentia
399 2412 502 2441 dico.’'
549 2413 633 2441 That
660 2423 722 2442 was
749 2413 798 2442 liis
831 2416 838 2429 ⁴
852 2413 947 2442 ordo'
964 2414 1052 2449 then,
1099 2416 1156 2443 &c.
1203 2413 1333 2443 Clodius
1364 2424 1425 2443 was
1455 2417 1594 2453 present,
1626 2423 1662 2443 or
1692 2413 1746 2443 the
1776 2414 1880 2443 writer

272 2455 375 2484 which
393 2455 488 2484 ‘ordo
504 2454 510 2467 ’
535 2455 575 2484 he
602 2455 704 2485 leaves
725 2456 757 2484 in
779 2456 869 2485 order
885 2460 918 2485 to
934 2467 1054 2486 answer
1099 2466 1253 2495 supposes
1271 2456 1334 2485 him
1353 2460 1385 2485 to
1403 2456 1441 2486 be
1459 2460 1596 2495 present.

273 2498 328 2527 the
354 2497 457 2526 man's
481 2498 670 2536 impudence
699 2499 774 2527 first.
822 2499 869 2528 Or
895 2509 929 2528 as
959 2500 1054 2529 Klotz
1142 2501 1245 2538 speeie
1262 2500 1330 2537 ipsa
1355 2502 1385 2528 et
1401 2499 1575 2538 diymtate]
1624 2499 1693 2529 The
1708 2499 1837 2538 reading
1849 2497 1885 2529 of

275 2550 356 2579 says,
372 2543 391 2556 ‘⁴
404 2540 443 2569 he
459 2540 533 2569 does
550 2544 607 2569 not
623 2541 719 2579 speak
731 2541 766 2570 of
779 2541 833 2570 the
845 2545 958 2571 matter
975 2543 1054 2578 first,
1100 2541 1148 2571 M.
1195 2541 1263 2570 The
1288 2551 1435 2571 common
1456 2542 1587 2581 reading
1610 2542 1636 2571 is
1665 2545 1671 2558 ‘
1685 2543 1788 2581 specie
1813 2542 1883 2581 ipsa

274 2583 334 2613 but
350 2583 389 2612 he
402 2583 471 2612 first
487 2584 600 2622 speaks
612 2583 644 2612 in
660 2584 748 2622 reply
764 2587 797 2613 to
814 2585 868 2614 the
885 2585 1007 2615 attacks
1024 2585 1059 2614 of
1100 2584 1287 2622 dignitatem
1304 2584 1349 2614 rei
1365 2584 1532 2623 publicae.’

276 2625 441 2657 Clodius.’'
1100 2627 1155 2656 the
1204 2630 1210 2643 ⁴
1226 2627 1329 2666 specie
1366 2627 1458 2666 ipsa,y

1099 2155 1237 2194 (against
1271 2166 1333 2195 any
1362 2155 1494 2196 attack),
1529 2156 1592 2186 and
1622 2166 1641 2185 a
1670 2156 1879 2195 punishment

1098 2199 1200 2228 which
1216 2199 1256 2228 he
1272 2199 1328 2228 has
1344 2199 1422 2238 long
1435 2200 1520 2229 since
1537 2199 1704 2229 merited.”
1740 2199 1804 2229 But
1815 2199 1878 2229 this

1580 2585 1644 2614 But
1659 2595 1705 2614 we
1722 2585 1801 2614 have
1817 2584 1882 2614 still

1498 2627 1656 2657 whatever
1699 2628 1724 2657 it
1762 2637 1881 2657 means.

319 2670 583 2699 exercitationem
610 2691 617 2698 .
645 2691 652 2698 .
680 2691 687 2698 .
715 2669 879 2708 munivit]
930 2670 1055 2700 Ernesti
1101 2669 1297 2706 “Riderent,
1324 2675 1412 2709 puto,
1431 2671 1519 2709 pueri
1546 2671 1742 2709 puellaeque,
1771 2671 1796 2700 si
1812 2670 1882 2709 quis

275 2712 337 2741 and
354 2711 446 2741 Wolf
458 2711 557 2741 found
573 2711 637 2740 this
653 2711 759 2740 rather
775 2712 917 2742 obscure.
958 2713 1055 2742 Klotz

276 2755 359 2784 finds
372 2755 395 2784 it
409 2754 496 2793 quite
508 2755 593 2793 plain
608 2766 615 2790 ;
638 2755 697 2783 aud
716 2754 755 2783 he
766 2755 907 2793 explains
919 2756 944 2784 it
960 2756 1034 2785 thus
1047 2768 1053 2785 :

277 2800 298 2814 ‘⁴
311 2797 441 2827 Clodius
457 2798 513 2826 has
534 2797 632 2827 found
649 2801 704 2826 out
720 2797 774 2826 the
790 2807 856 2836 way
873 2798 909 2826 of
929 2799 1057 2837 making

277 2850 349 2870 sure
366 2840 413 2869 his
436 2841 571 2880 practice
590 2841 622 2870 in
638 2840 735 2869 abuse
758 2839 799 2878 by
815 2850 855 2869 au
872 2840 1057 2871 intolerable

277 2883 433 2922 audacity,
450 2883 513 2914 and
535 2883 737 2923 particularly
753 2882 794 2922 by
810 2883 885 2921 long
900 2884 1057 2924 impunity

1100 2712 1139 2742 de
1171 2713 1324 2742 Pontifice
1354 2722 1453 2742 novae
1486 2714 1606 2743 Romae
1636 2713 1881 2752 purpuratisque

1100 2756 1167 2794 ejus
1184 2755 1353 2784 comitibus
1369 2756 1510 2792 dixisset,
1535 2766 1588 2786 eos
1611 2756 1724 2785 decore
1742 2755 1881 2795 corporis

1100 2798 1149 2827 vel
1179 2798 1355 2835 insignibus
1381 2800 1537 2829 sustinere
1566 2799 1717 2829 ecclesiae
1746 2798 1881 2837 dignita-

1101 2843 1166 2870 tem
1181 2840 1200 2853 '’
1219 2840 1348 2880 (Wolf).

1145 2893 1194 2913 me
1209 2884 1352 2923 absente]
1379 2884 1456 2914 This
1472 2888 1558 2915 must
1580 2885 1660 2914 have
1676 2884 1756 2914 been
1775 2882 1882 2914 before
