2063 3242
308 143 390 183 242
611 141 790 183 oRAT.
825 141 944 183 PRO
980 142 1027 184 L.
1053 140 1336 183 VALERIO
1371 142 1610 185 FLACCO

303 255 494 311 judicare
517 261 664 298 contra
683 256 961 312 publicanum,
986 256 1177 297 sublatus
1208 260 1300 297 erat
1321 271 1343 297 e
1363 272 1536 299 numero
1557 262 1911 313 recuperatorum.

311 321 468 362 Tamen
491 322 627 363 tenuit
648 337 705 372 se,
730 338 864 377 neque
885 322 1032 364 attulit
1054 321 1095 361 in
1113 321 1317 376 judicium
1339 323 1566 379 quidquam
1587 324 1641 364 ad
1665 324 1913 364 laedendum

308 387 387 428 nisi
410 388 679 429 voluntatem.

368 452 424 494 V.
459 453 520 494 Hi
548 453 581 493 si
615 453 767 494 Graeci
796 452 989 501 fuissent,
1012 468 1062 494 ac
1084 453 1163 493 nisi
1192 453 1324 495 nostri
1346 468 1485 494 mores
1506 468 1554 494 ac
1584 454 1800 509 disciplina
1820 454 1914 509 plus

308 518 466 559 valeret
491 533 614 573 quam
643 518 760 558 dolor
789 532 838 558 ac
872 518 1077 565 simultas,
1112 534 1256 560 omnes
1287 534 1331 559 se
1360 519 1577 574 spoliatos,
1611 525 1797 568 vexatos,
1832 520 1913 560 for-

308 583 424 624 tunis
446 598 612 624 eversos
643 598 733 624 esse
755 584 976 625 dixissent.
1040 584 1231 625 Graecus
1252 584 1377 625 testis
1399 599 1493 625 cum
1514 599 1564 625 ea
1584 585 1801 627 voluntate
1822 600 1915 640 pro-

310 649 437 690 cessit
471 653 519 689 ut
551 649 716 689 laedat:
749 663 830 689 non
854 649 1143 704 jurisjurandi,
1172 650 1247 690 sed
1282 649 1473 690 laedendi
1508 651 1637 691 verba
1672 651 1914 693 meditatur.

312 713 451 763 Vinci,
489 714 630 765 refelli.
671 715 842 770 coargui
879 720 1007 770 putat
1040 730 1131 757 esse
1172 714 1488 770 turpissimum:
1532 717 1586 756 ad
1615 716 1656 756 id
1683 730 1726 757 se
1764 720 1912 771 parat:

309 779 411 820 nihil
432 780 542 820 aliud
559 784 692 821 curat.
756 780 906 835 Itaque
927 796 1011 821 non
1033 781 1216 836 optimus
1239 780 1412 836 quisque
1433 795 1510 821 nec
1535 780 1819 836 gravissimus,
1842 782 1917 822 sed

310 844 697 900 impudentissimus
730 845 1133 901 loquacissimusque
1171 846 1383 901 deligitur.
1447 845 1540 886 Vos
1574 850 1717 887 autem
1753 846 1793 887 in
1834 846 1917 901 pri-

310 910 418 951 vatis
440 911 704 951 minimarum
724 926 862 952 rerum
879 911 1048 965 judiciis
1069 916 1224 952 testem
1241 911 1465 966 diligenter
1486 911 1725 966 expenditis
1744 927 1752 951 :
1788 912 1917 953 etiam

309 975 344 1016 si
371 976 549 1016 formam
578 976 768 1026 hominis,
802 976 836 1017 si
865 992 1027 1026 nomen,
1061 976 1096 1017 si
1128 976 1285 1018 tribum
1319 976 1464 1022 nostis,
1503 991 1640 1017 mores
1676 981 1817 1017 tamen
1846 991 1917 1017 ex-

311 1040 536 1096 quirendos
558 1042 733 1097 putatis.
797 1043 877 1095 Qui
910 1048 1051 1084 autem
1080 1043 1181 1084 dicit
1207 1042 1495 1084 testimonium
1521 1058 1573 1084 ex
1599 1044 1755 1084 nostris
1787 1043 1917 1084 homi-

311 1107 444 1158 nibus,
469 1112 516 1148 ut
539 1123 584 1148 se
614 1107 700 1162 ipse
722 1113 948 1157 sustentat,
973 1113 1021 1150 ut
1052 1108 1190 1149 omnia
1212 1108 1338 1149 verba
1369 1109 1622 1159 moderatur,
1647 1114 1696 1150 ut
1723 1108 1846 1150 timet
1867 1124 1918 1149 ne

312 1173 410 1228 quid
432 1173 591 1228 cupide,
626 1188 677 1214 ne
711 1173 810 1228 quid
847 1174 1058 1223 iracunde,
1084 1189 1137 1214 ne
1158 1174 1256 1229 quid
1277 1174 1368 1229 plus
1393 1174 1582 1215 minusve
1604 1189 1727 1229 quam
1764 1174 1820 1216 sit
1849 1189 1918 1215 ne-

313 1253 429 1279 cesse
471 1239 597 1278 dicat.
672 1238 785 1278 Num
817 1238 908 1279 illos
939 1238 1040 1280 item
1076 1239 1248 1294 putatis,
1293 1239 1443 1294 quibus
1469 1240 1766 1294 jusjurandum
1796 1240 1919 1294 jocus

266 1313 270 1353 J
312 1308 388 1352 est,
415 1303 706 1344 testimonium
736 1304 870 1353 ludus,
905 1304 1162 1346 existimatio
1188 1309 1329 1345 vestra
1355 1305 1582 1351 tenebrae;
1616 1304 1720 1355 laus,
1744 1319 1916 1355 merceS,

260 1368 267 1419 ἦ
311 1369 462 1424 gratia,
486 1369 713 1423 gratulatio
734 1369 954 1424 proposita
975 1374 1041 1410 est
1062 1369 1196 1410 omnis
1217 1369 1259 1410 in
1287 1369 1521 1425 impudenti
1541 1370 1771 1411 mendacio.
1836 1370 1920 1410 Sed

312 1449 395 1475 non
424 1434 609 1476 dilatabo
631 1435 863 1475 orationem
893 1449 1057 1476 meam:
1094 1434 1247 1475 etenim
1270 1440 1412 1490 potest
1441 1449 1533 1475 esse
1565 1434 1739 1484 infinita,
1763 1434 1798 1476 si
1819 1435 1920 1475 mihi

312 1499 442 1541 libeat
482 1500 616 1541 totius
657 1500 797 1555 gentis
837 1500 880 1540 in
920 1500 1175 1541 testimoniis
1216 1494 1402 1541 dicendis
1438 1500 1649 1555 explicare
1690 1500 1919 1542 levitatem.

316 1564 400 1605 Sed
422 1565 594 1620 propius
614 1565 811 1606 accedam
830 1582 839 1606 :
875 1565 925 1605 de
942 1565 1007 1606 his
1024 1564 1180 1605 nostris
1197 1565 1379 1606 testibus
1400 1565 1548 1606 dicam.
1612 1565 1920 1606 Vehementem

313 1636 601 1671 accusatorem
615 1630 729 1671 nacti
744 1645 898 1680 sumus,
910 1630 1088 1685 judices,
1101 1634 1144 1671 et
1158 1629 1369 1671 inimicum
1385 1630 1425 1670 in
1439 1630 1550 1670 omni
1563 1645 1715 1686 genere
1730 1631 1919 1671 odiosum

313 1710 363 1736 ac
388 1696 624 1743 molestum,
647 1710 769 1750 quem
801 1710 922 1750 spero
953 1695 1018 1736 his
1051 1696 1175 1736 rebus
1205 1695 1292 1736 fore
1325 1710 1477 1750 magno
1506 1696 1599 1736 usui
1637 1701 1679 1736 et
1710 1696 1856 1737 amicis
1877 1701 1921 1738 et

314 1761 373 1802 rei
395 1761 610 1816 publicae;
646 1761 721 1801 sed
738 1766 852 1802 certe
866 1761 1148 1802 inflammatus
1170 1760 1400 1801 incredibili
1419 1761 1652 1816 cupiditate
1674 1762 1780 1802 hanc
1802 1777 1920 1803 caus-

316 1841 404 1867 sam
445 1827 840 1882 accusationemque
889 1827 1089 1881 suscepit.
1169 1826 1249 1877 Qui
1295 1827 1522 1868 comitatus
1570 1827 1611 1867 in
1647 1827 1921 1883 inquirendo?

317 1892 566 1933 comitatum
598 1892 716 1933 dico?
747 1892 872 1932 immo
894 1906 990 1933 vero
1014 1897 1198 1947 quantus
1220 1892 1460 1933 exereitus?
1491 1907 1596 1948 quae
1624 1893 1820 1948 jactura?
1851 1892 1920 1948 qui

317 1959 540 2013 sumptus?
570 1963 727 2013 quanta
751 1958 945 2013 largitio?
1007 1958 1124 2010 Quae
1157 1973 1408 2013 quamquam
1441 1959 1561 1999 utilia
1596 1963 1696 2000 sunt
1731 1972 1917 2007 caussae,

317 2022 463 2064 timide
492 2028 632 2065 tamen
658 2024 763 2073 dico,
787 2024 898 2079 quod
920 2038 1066 2064 vereor
1092 2038 1144 2064 ne
1176 2024 1341 2065 Laelius
1373 2039 1425 2065 ex
1450 2024 1515 2065 his
1546 2025 1682 2075 rebus,
1708 2039 1812 2079 quas
1841 2023 1921 2065 sibi

318 2089 506 2145 suscepit
526 2089 684 2144 gloriae
706 2104 867 2139 caussa,
890 2094 1012 2145 putet
1034 2089 1190 2145 aliquid
1212 2090 1401 2132 oratione
1423 2104 1516 2130 mea
1544 2090 1745 2131 sermonis
1766 2090 1806 2130 in
1829 2104 1921 2130 sese

364 2237 394 2265 5.
419 2236 462 2264 ad
477 2235 527 2274 id]
576 2235 660 2265 That
675 2235 712 2271 is,
731 2237 737 2252 ‘
751 2238 807 2264 not
823 2237 856 2265 to
872 2234 913 2264 be
927 2233 1065 2265 beaten.’

366 2279 462 2308 etiam
487 2279 515 2307 si
529 2278 693 2318 formam]
744 2279 840 2308 Klotz
865 2278 962 2308 refers
986 2281 1019 2307 to
1044 2278 1099 2307 the

320 2321 404 2351 rules
424 2321 486 2350 laid
510 2321 600 2350 down
625 2322 657 2350 in
684 2322 738 2351 the
765 2322 877 2360 Digest
905 2320 972 2361 (22.
990 2324 1021 2350 5.
1050 2321 1100 2350 De

321 2363 496 2402 Testibus).
541 2364 602 2393 We
626 2364 705 2393 have
730 2364 761 2393 in
789 2365 852 2393 this
879 2365 949 2393 title
966 2363 1010 2403 (3.
1032 2366 1046 2400 ξ
1068 2363 1098 2403 l)

321 2407 377 2436 the
402 2406 562 2445 following
583 2407 788 2436 instructions
812 2407 847 2436 of
870 2407 924 2436 the
947 2407 1102 2446 Emperor

324 2450 465 2480 Hadrian
485 2452 518 2478 to
542 2450 596 2479 the
622 2460 776 2487 governor
800 2450 865 2479 ofa
882 2450 1005 2479 Roman
1031 2459 1101 2488 pro-

322 2494 431 2522 vince:
457 2495 477 2509 “
491 2492 541 2522 Tu
559 2493 656 2531 magis
680 2493 758 2521 scire
775 2495 864 2531 potes
890 2496 1008 2531 quanta
1024 2492 1101 2522 fides

323 2535 468 2566 habenda
485 2535 525 2564 sit
541 2535 685 2570 testibus,
710 2535 763 2574 qui
787 2538 818 2564 et
834 2536 922 2573 cujus
939 2535 1101 2573 dignitatis

323 2584 355 2609 et
371 2580 459 2618 cujus
475 2578 715 2608 existimationis
726 2579 789 2607 sint
805 2581 836 2607 et
852 2579 903 2617 qui
918 2578 1100 2616 simpliciter

323 2623 380 2652 visi
412 2622 475 2652 sint
499 2621 611 2658 dicere,
640 2624 747 2650 utrum
779 2630 877 2650 unum
902 2621 1100 2660 eundemque

323 2666 510 2695 meditatum
542 2674 719 2694 sermonem
746 2664 910 2693 attulerint
934 2674 974 2693 an
1004 2664 1044 2692 ad
1065 2674 1101 2693 ea

323 2719 404 2748 quae
428 2709 674 2746 interrogaveras
699 2717 736 2736 ex
756 2710 899 2745 tempore
922 2706 1101 2736 verisimilia

322 2750 577 2791 responderint.''

368 2798 404 2825 ut
419 2805 452 2824 se
465 2796 530 2834 ipse
545 2793 731 2831 sustentah]
782 2795 800 2809 “
819 2792 899 2821 How
926 2792 966 2821 he
987 2792 1101 2822 checks

323 2838 460 2872 himself,
498 2837 646 2867 restrains
678 2835 837 2865 himself?
883 2835 960 2865 This
989 2835 1015 2864 is
1046 2835 1101 2864 the

324 2891 409 2911 same
433 2891 467 2910 as
494 2879 650 2916 ‘retinet,’
677 2877 898 2909 ‘cohibet.’——‘
910 2878 1100 2908 existimatio

1143 2235 1249 2270 verba,
1267 2233 1417 2264 tenebrae
1432 2234 1499 2264 laus
1511 2233 1533 2264 :’
1557 2234 1782 2273 Pantagathus,
1803 2234 1920 2264 Baiter.

1188 2279 1238 2307 lais
1254 2277 1376 2316 rebns,]
1426 2277 1458 2307 It
1473 2278 1499 2307 is
1515 2277 1580 2306 said
1597 2277 1666 2306 that
1689 2277 1730 2306 all
1746 2277 1800 2306 the
1824 2277 1920 2308 MSS.

1143 2321 1223 2350 have
1231 2324 1238 2337 ⁴
1246 2321 1294 2349 his
1304 2319 1429 2350 verbis.’
1445 2320 1514 2349 The
1521 2320 1722 2350 Juntineand
1731 2320 1850 2350 F.have
1858 2323 1864 2337 ‘
1873 2321 1921 2351 his

1143 2363 1260 2393 rebus!
1306 2363 1375 2392 The
1395 2366 1639 2392 commentators
1660 2363 1739 2392 have
1755 2364 1921 2402 suspected

1145 2406 1269 2436 various
1296 2406 1412 2445 things,
1441 2405 1587 2441 ‘nervis,’
1611 2405 1793 2443 ‘moribus,’
1827 2407 1921 2436 ‘viri-

1146 2448 1228 2478 bus.’
1277 2449 1309 2478 If
1324 2452 1331 2464 ‘
1345 2449 1393 2478 his
1414 2448 1526 2478 rebus'
1552 2449 1578 2478 is
1602 2449 1698 2487 right,
1723 2450 1747 2478 it
1770 2449 1866 2479 refers
1886 2454 1920 2480 to

1148 2495 1154 2509 ‘
1169 2492 1386 2521 vehementem
1418 2495 1632 2521 accusatorem
1646 2491 1653 2504 ’
1685 2493 1746 2522 and
1777 2496 1810 2522 to
1837 2493 1922 2523 what

1146 2534 1266 2564 follows
1290 2535 1379 2563 these
1395 2538 1456 2564 two
1478 2535 1589 2564 words.
1637 2535 1745 2565 Cicero
1761 2536 1787 2565 is
1809 2536 1920 2575 speak-

1145 2578 1199 2616 ing
1215 2578 1433 2617 sarcastically.
1482 2578 1533 2607 He
1556 2578 1651 2607 adds:
1678 2579 1766 2608 “but
1788 2583 1820 2609 at
1843 2579 1922 2609 least

1145 2621 1185 2650 he
1202 2621 1256 2649 has
1272 2620 1468 2650 undertaken
1486 2621 1548 2650 this
1557 2631 1627 2651 case
1642 2622 1704 2651 and
1720 2623 1919 2661 prosecutioni

1144 2663 1239 2701 being
1255 2664 1366 2693 moved
1384 2663 1425 2703 by
1441 2675 1480 2693 un
1500 2665 1670 2694 incredible
1695 2665 1765 2704 fury
1782 2665 1817 2694 of
1830 2669 1921 2704 party

1145 2705 1271 2745 spirit.’'
1332 2706 1512 2746 ‘Cupiditas
1526 2707 1533 2720 ’
1560 2708 1585 2737 is
1616 2711 1672 2737 not
1705 2712 1712 2723 ⁴
1726 2708 1856 2744 odiu1n‚’
1887 2718 1920 2737 as

1146 2749 1270 2788 Sylvius
1286 2759 1366 2788 say&
1384 2750 1441 2780 but
1466 2751 1578 2780 ‘nimis
1601 2761 1671 2781 acre
1688 2751 1825 2780 studium
1850 2761 1920 2790 par-

1144 2793 1223 2821 tium
1237 2792 1244 2805 ’
1262 2803 1295 2822 as
1312 2793 1463 2823 Graevius
1485 2804 1565 2833 says,
1583 2793 1653 2823 who
1677 2804 1838 2833 compares
1861 2795 1920 2823 Pro

1146 2835 1287 2872 Fonteio,
1318 2846 1344 2866 c.
1365 2837 1424 2866 13:
1472 2837 1736 2873 ‘⁴Recordamini,
1764 2835 1920 2876 judices‚’'

1144 2879 1203 2909 διο.
