2002 3235
719 154 852 195 OAP.
884 154 1067 196 39-4-2.
1617 159 1699 200 287

95 270 209 311 urbis
225 273 268 311 et
289 268 439 310 civium
461 268 818 310 commendabam.
881 266 958 317 Tu,
983 272 1042 315 tu,
1067 267 1236 317 Flacce,
1260 271 1442 323 praetor,
1468 270 1699 310 communis

96 335 213 376 exitii
243 334 413 375 nuntios
449 333 622 389 cepisti:
657 338 704 374 tu
736 333 939 374 inclusam
971 333 1013 373 in
1043 333 1196 374 litteris
1226 333 1285 374 rei
1317 333 1506 388 publicae
1538 339 1699 387 pestem

96 399 432 455 deprehendisti:
467 404 515 441 tu
545 398 824 454 periculorum
846 398 1011 448 indicia,
1038 404 1084 440 tu
1115 398 1263 440 salutis
1297 397 1452 439 auxilia
1482 399 1536 438 ad
1569 414 1634 439 me
1657 404 1700 440 et

95 466 148 507 ad
170 471 364 507 senatum
385 464 578 506 attulisti.
643 463 760 515 Quae
782 463 861 505 tibi
883 468 973 504 tum
994 463 1158 518 gratiae
1180 468 1281 505 sunt
1302 479 1326 504 a
1347 479 1413 504 me
1435 468 1569 514 actae,
1595 479 1700 519 quae

96 547 122 572 a
151 536 312 581 senatu,
347 545 454 587 quae
486 545 510 571 a
545 529 666 572 bonis
697 530 919 571 omnibus!
986 530 1090 583 Quis
1121 530 1211 581 tibi,
1246 530 1338 585 quis
1371 530 1417 571 G.
1454 529 1699 585 Pomptino,

95 597 325 638 fortissimo
347 597 447 647 viro,
482 611 734 652 quemquam
764 597 921 637 bonum
952 601 1124 651 putaret
1155 611 1364 652 umquam,
1392 611 1476 636 non
1507 595 1698 645 salutem,

97 677 240 703 verum
271 663 472 703 honorem
502 662 631 702 ullum
659 662 992 717 denegaturum?
1054 662 1089 703 Ο
1122 661 1270 702 Nonae
1302 661 1395 702 illae
1428 661 1698 712 Decembres,

98 742 203 783 quae
224 742 290 769 me
321 727 490 768 consule
511 726 651 769 fuistis
671 729 678 767 !
713 742 836 782 quem
857 742 935 783 ego
967 727 1075 768 diem
1098 742 1192 768 vere
1224 726 1407 768 natalem
1428 727 1555 781 hujus
1586 726 1702 767 urbis

97 798 172 834 aut
193 798 307 834 certe
329 793 557 835 salutarem
579 792 787 848 appellare
809 807 991 847 possum.
1055 792 1185 833 XLI.
1221 792 1256 832 Ο
1279 807 1363 833 11οΧ
1384 792 1453 833 illa
1475 807 1601 847 quam
1622 792 1702 833 iste

98 863 164 899 est
205 858 293 899 dies
336 862 597 908 consecutus,
634 858 774 899 fausta
805 857 901 898 huic
932 857 1052 898 urbi!
1096 857 1294 899 miserum
1325 861 1420 899 me!
1455 863 1611 907 metuo,
1649 871 1702 898 ne

97 924 265 965 funesta
294 924 445 965 nobis!
512 922 592 975 Qui
628 927 719 964 tum
749 923 913 964 animus
947 923 996 964 L.
1022 923 1194 964 Flacci?
1225 923 1328 963 nihil
1360 923 1497 964 dicam
1518 923 1629 963 enim
1651 923 1702 964 de

97 1003 188 1030 me:
223 988 291 1044 qui
313 1003 430 1029 amor
450 988 492 1028 in
513 988 705 1043 patriam,
730 1003 836 1044 quae
858 988 1003 1039 virtus,
1028 1004 1133 1044 quae
1155 989 1342 1044 gravitas
1364 988 1529 1030 exstitit
1547 991 1554 1029 !
1620 988 1700 1028 Sed

99 1054 200 1109 quid
236 1069 285 1095 ea
320 1068 611 1102 commemoro,
656 1068 762 1108 quae
797 1059 889 1095 tum
925 1069 1053 1110 quum
1093 1055 1330 1110 agebantur
1370 1069 1453 1095 uno
1495 1069 1703 1095 consensu

100 1119 295 1170 omnium,
333 1134 414 1160 una
435 1134 535 1160 voce
567 1119 707 1174 populi
733 1120 925 1170 Romani,
959 1135 1042 1160 uno
1077 1120 1189 1161 orbis
1217 1124 1356 1161 terrae
1391 1119 1633 1161 testimonio
1662 1119 1703 1159 in

100 1185 260 1226 caelum
281 1184 471 1225 laudibus
485 1184 791 1225 efferebantur?
820 1200 931 1226 nunc
952 1200 1098 1226 vereor
1115 1201 1166 1226 ne
1184 1201 1266 1226 non
1287 1186 1411 1226 modo
1426 1200 1508 1226 non
1525 1184 1701 1240 prosint,

99 1265 244 1291 verum
278 1250 406 1291 etiam
436 1250 591 1305 aliquid
614 1250 767 1291 obsint.
830 1250 1001 1292 Etenim
1031 1251 1164 1292 multo
1192 1251 1396 1292 acriorem
1418 1250 1703 1305 improborum

100 1316 310 1357 interdum
340 1315 583 1356 memoriam
616 1330 709 1356 esse
739 1315 876 1356 sentio
908 1330 1032 1370 quam
1064 1317 1282 1357 bonorum.
1345 1315 1439 1370 Ego
1470 1321 1524 1366 te,
1549 1315 1583 1355 si
1605 1314 1703 1370 quid

99 1382 267 1436 gravius
287 1381 500 1431 acciderit,
526 1395 604 1435 ego
636 1388 691 1431 te,
716 1380 897 1435 inquam,
925 1381 1092 1431 Flacce,
1125 1381 1376 1436 prodidero;
1412 1396 1504 1422 mea
1527 1382 1704 1421 dextera

100 1447 179 1497 illa,
210 1461 302 1488 mea
331 1446 448 1496 fides,
472 1461 566 1487 mea
594 1446 812 1501 promissa,
837 1461 964 1501 quum
994 1451 1049 1497 te,
1081 1446 1116 1487 si
1137 1461 1226 1487 rem
1254 1447 1464 1502 publicam
1486 1459 1704 1487 conserva-

100 1526 250 1562 remus,
277 1512 460 1552 omnium
488 1512 692 1552 bonorum
723 1511 942 1566 praesidio,
967 1512 1103 1566 quoad
1125 1511 1297 1559 viveres,
1321 1526 1404 1553 non
1425 1512 1550 1552 modo
1572 1510 1704 1551 muni-

100 1582 192 1619 tum
227 1577 302 1618 sed
328 1577 456 1618 etiam
492 1581 686 1617 ornatum
718 1576 808 1617 fore
843 1577 1082 1631 pollicebar.
1144 1577 1311 1627 Putavi,
1341 1577 1516 1632 speravi,
1540 1575 1705 1618 etiamsi

99 1643 234 1685 1101105
255 1647 400 1683 noster
420 1642 538 1683 vobis
559 1642 679 1683 vilior
699 1642 860 1692 fuisset,
885 1642 1063 1683 salutem
1085 1647 1200 1683 certe
1222 1658 1363 1684 caram
1384 1643 1580 1683 futuram.
1643 1642 1707 1683 At

103 1708 152 1750 L.
169 1709 369 1749 Flaccum
387 1708 567 1763 quidem,
589 1707 764 1762 judices,
789 1707 836 1756 si,
861 1708 971 1763 quod
993 1708 1049 1748 dii
1071 1708 1331 1749 immortales
1348 1723 1469 1749 omen
1494 1712 1703 1758 avertant,

99 1774 238 1830 gravis
264 1773 416 1828 injuria
436 1773 643 1822 afflixerit,
676 1788 905 1828 numquam
926 1778 1069 1814 tamen
1090 1774 1354 1829 prospexisse
1376 1779 1542 1815 vestrae
1564 1773 1704 1823 saluti,

102 1839 359 1880 consuluisse
391 1838 521 1888 vobis,
558 1838 711 1888 liberis,
757 1838 1021 1892 conjugibus,
1056 1839 1236 1880 fortunis
1271 1839 1421 1879 vestris
1457 1838 1707 1894 poenitebit.

105 1905 278 1959 Semper
298 1905 359 1945 ita
379 1905 546 1955 sentiet,
571 1905 699 1945 talem
724 1919 769 1945 se
797 1904 982 1945 animum
1004 1909 1046 1945 et
1068 1905 1235 1960 generis
1267 1904 1465 1960 dignitati
1493 1909 1537 1945 et
1558 1903 1708 1959 pietati

102 1984 201 2010 suae
224 1973 267 2010 et
288 1969 449 2024 patriae
481 1970 675 2010 debuisse
694 1987 704 2018 3
739 1984 813 2011 vos
835 1985 887 2010 ne
908 1970 1125 2024 poeniteat
1155 1970 1228 2011 tali
1251 1970 1328 2011 civi
1351 1985 1434 2011 non
1456 1969 1705 2025 pepercisse,

101 2050 176 2090 per
198 2034 298 2074 deos
321 2034 590 2084 immortales,
620 2034 797 2088 judices,
821 2035 1052 2089 providete.
1117 2035 1283 2086 Quotus
1315 2035 1424 2076 enim
1446 2035 1621 2090 quisque
1644 2039 1709 2075 est

103 2100 172 2155 qui
194 2099 301 2139 hanc
323 2098 365 2139 in
386 2113 430 2139 re
453 2099 618 2153 publica
639 2104 799 2140 sectam
820 2101 1047 2154 sequatur?
1079 2100 1149 2154 qui
1171 2100 1302 2150 vobis,
1328 2100 1397 2155 qui
1418 2101 1545 2141 vestri
1567 2099 1709 2140 simili-

103 2167 181 2206 bus
204 2165 366 2219 placere
392 2163 560 2219 cupiat?
591 2164 660 2218 qui
682 2164 829 2218 optimi
859 2170 988 2219 atque
1017 2164 1261 2219 amplissimi
1294 2165 1496 2220 cujusque
1528 2163 1707 2205 hominis

103 2235 230 2285 atque
264 2229 420 2270 ordinis
455 2230 756 2270 auctoritatem
796 2229 937 2284 magni
972 2231 1121 2284 putet?
1165 2245 1292 2284 quum
1325 2230 1438 2270 illam
1478 2230 1587 2270 viam
1628 2230 1707 2270 sibi

103 2296 271 2336 videant
292 2294 595 2350 expeditiorem
615 2295 669 2335 ad
698 2294 876 2334 honores
898 2299 941 2335 et
971 2295 1025 2334 ad
1056 2294 1196 2334 onmia
1227 2309 1332 2349 quae
1365 2295 1705 2350 concupiverunt.

106 2360 263 2402 XLII.
297 2361 381 2402 Sed
412 2365 554 2401 cetera
575 2360 660 2401 sint
681 2374 827 2400 eorum
849 2375 858 2399 ε
891 2359 971 2400 sibi
1004 2360 1190 2401 habeant
1209 2360 1455 2415 potentiam,
1479 2361 1558 2402 sibi
1578 2361 1706 2402 hono-

153 2508 211 2543 Tu,
229 2507 292 2546 tm]
320 2506 360 2537 A.
378 2507 413 2537 F.
427 2519 435 2544 ς
460 2507 528 2537 ‘Tu
541 2509 610 2537 tum
622 2506 630 2520 ’
649 2507 681 2538 S.
697 2507 748 2543 Τ.,
766 2507 882 2538 Baiter.
929 2507 1060 2537 Flaccus
1075 2517 1138 2537 was
1154 2507 1242 2536 there
1257 2507 1334 2536 with
1350 2507 1405 2537 the
1425 2507 1533 2537 letters
1549 2507 1651 2537 which
1667 2507 1707 2536 he

105 2552 159 2572 -—‘
171 2550 284 2580 Nonae
309 2550 502 2580 Decembres
517 2549 536 2580 :'
561 2551 615 2580 the
638 2551 698 2590 day
725 2561 766 2580 on
782 2551 882 2580 which
929 2551 990 2580 had
1007 2551 1110 2580 taken.
1159 2549 1301 2589 (Sallust,
1319 2550 1385 2580 Cat.
1405 2561 1430 2580 e.
1450 2550 1516 2590 46.)

106 2593 262 2623 Lentulus
286 2593 348 2622 and
372 2593 443 2623 four
469 2594 560 2623 other
576 2594 788 2633 conspirators
803 2604 883 2624 were
971 2594 1105 2632 sectam]
1134 2593 1228 2632 Party
1241 2603 1276 2623 01·
1288 2594 1468 2623 sometimes
1478 2603 1587 2623 course
1600 2593 1635 2622 of
1641 2593 1705 2622 life.

106 2636 264 2675 strangled
282 2639 315 2665 at
342 2636 455 2665 Rome.
502 2636 738 2676 (Introduction
765 2640 798 2667 to
830 2637 884 2667 the
930 2636 1006 2676 (Pro
1023 2637 1058 2666 C.
1078 2636 1217 2672 Rabirio,
1235 2646 1261 2665 c.
1280 2638 1309 2672 8,
1328 2636 1396 2666 Vol.
1415 2636 1479 2676 ΙΙ.)
1529 2636 1578 2665 He
1598 2646 1706 2665 means

106 2679 245 2708 orations
261 2678 384 2717 against
400 2678 562 2719 Catilina.)
929 2680 983 2709 the
1031 2680 1244 2709 conservative
1283 2682 1385 2718 party,
1421 2679 1476 2708 the
1514 2679 1705 2717 Optimatcs,

151 2723 201 2751 41.
231 2722 256 2751 O
272 2731 337 2750 παιἸ
353 2722 409 2750 illa
434 2731 528 2760 quam
553 2723 612 2752 isle
637 2725 683 2752 est
700 2723 781 2762 dies]
833 2723 884 2753 He
930 2723 1069 2753 Cicero’s
1098 2726 1198 2762 party.
1245 2722 1313 2751 The
1341 2721 1443 2751 words
1471 2721 1577 2750 ‘illam
1602 2720 1704 2750 viam'

106 2768 234 2794 returns
258 2768 290 2793 to
318 2763 372 2792 the
397 2764 488 2802 night
515 2774 556 2794 on
583 2765 685 2794 which
711 2766 766 2794 the
797 2766 884 2795 Allo·
930 2766 1034 2795 allude
1060 2770 1093 2795 to
1119 2766 1172 2795 the
1194 2765 1318 2803 designs
1338 2765 1372 2794 of
1395 2765 1449 2793 the
1473 2764 1706 2803 revolutionary

107 2807 219 2846 broges
230 2816 310 2835 were
325 2807 474 2836 arrested.
521 2808 573 2836 On
589 2808 643 2837 the
654 2808 813 2847 following
825 2809 885 2849 day
930 2812 1087 2848 party.-—‘
1102 2809 1185 2838 illam
1204 2809 1284 2837 viani
1302 2808 1326 2837 si
1344 2806 1425 2843 sibi,'
1445 2807 1549 2836 Baiter
1564 2818 1570 2835 ε
1597 2811 1604 2823 ⁴
1619 2807 1705 2835 illam

107 2851 161 2880 the
185 2849 396 2888 conspirators
412 2860 492 2879 were
514 2850 609 2880 taken
630 2854 663 2880 to
687 2851 742 2881 the
761 2856 884 2882 senate·
931 2853 1012 2881 viam
1030 2851 1111 2887 sibi,'
1128 2852 1158 2881 S.
1170 2852 1207 2881 T.
1220 2852 1277 2887 A.;
1295 2854 1302 2867 ⁴
1317 2861 1413 2890 quum
1426 2850 1509 2879 illam
1524 2849 1604 2878 viam
1623 2848 1704 2885 sibi,’

107 2893 207 2923 house
230 2892 293 2923 and
312 2892 496 2922 confronted
512 2893 587 2923 with
610 2893 664 2924 the
686 2894 884 2934 Allobroges.
932 2895 1021 2926 F.—‘
1033 2895 1163 2933 vident,’
1177 2895 1208 2924 S.
1222 2894 1273 2932 A„
1289 2894 1414 2931 Baiter3
1432 2891 1600 2930 ‘videant,'
1616 2892 1652 2923 T.
1668 2892 1704 2922 F.
