2063 3242
229 186 312 227 392
703 184 883 227 ORAT.
918 185 999 226 DE
1033 184 1213 227 DOMO
1248 185 1372 226 SUA

228 302 383 354 potest,
405 298 701 350 mandandum,
726 304 771 341 tu
794 299 1001 355 supplicio
1023 299 1279 355 puniendum
1300 299 1489 355 putasti3
1525 299 1689 350 iterum,
1715 312 1842 355 quum

227 369 349 406 tuum
370 364 684 420 multorumque
716 370 885 420 praeter
915 371 958 406 te
990 365 1296 406 inflammatum
1318 366 1359 406 in
1380 366 1514 407 bonos
1543 380 1688 406 omnes
1713 366 1841 420 impe-

228 436 321 473 tum
348 445 442 472 meo
475 446 649 487 corpore
679 431 837 486 excepi,
860 446 912 471 ne
944 445 1035 471 eam
1063 430 1293 482 civitatem,
1317 446 1442 487 quam
1472 446 1705 473 servassem
1735 430 1843 471 iner-

227 497 320 547 mis,
345 502 535 539 armatus
558 497 598 537 in
621 497 844 538 discrimen
865 497 1136 539 adducerem.

288 563 410 613 Esto,
434 578 517 604 non
539 563 619 604 fuit
641 563 681 603 in
703 578 770 603 me
793 577 929 618 poena
950 562 1035 604 ulla
1056 563 1222 618 peccati
1242 581 1250 605 :
1284 568 1331 605 at
1358 563 1439 604 fuit
1455 562 1617 618 judicii.
1682 561 1842 617 Cujus?

228 628 320 684 quis
337 644 402 670 me
424 644 620 684 umquam
654 629 737 669 ulla
758 629 849 682 lege
881 628 1184 684 interrogavit?
1216 629 1310 685 quis
1331 629 1588 684 postulavit?
1619 628 1712 684 quis
1732 628 1841 668 diem

229 695 367 736 dixit?
429 695 582 736 Potest
614 694 743 750 igitur
775 693 963 735 damuati
993 709 1174 749 poenam
1201 695 1412 736 sustinere
1448 694 1744 735 indemnatus?
1776 697 1842 734 est

227 760 308 801 hoc
329 760 614 810 tribunicium,
639 764 705 801 est
726 759 955 815 populare?
987 775 1239 815 quamquam
1261 760 1331 800 ubi
1354 766 1401 802 tu
1424 765 1467 801 te
1489 760 1747 815 popularem,
1762 758 1842 800 nisi

228 840 358 881 quum
379 841 454 881 pro
477 826 630 881 populo
645 825 797 874 fecisti,
816 830 939 880 potes
954 825 1122 866 dicere?
1186 826 1271 867 Sed
1293 841 1421 881 quum
1446 825 1642 880 hocjuris
1662 839 1688 866 a
1709 824 1842 879 majo-

228 891 343 932 ribus
375 892 590 946 proditum
616 891 683 942 sit,
719 895 767 932 ut
798 906 922 932 nemo
954 891 1057 932 civis
1089 891 1306 932 Romanus
1337 897 1411 933 aut
1446 889 1728 946 [libertatem]
1767 895 1843 932 aut

228 956 444 998 civitatem
466 957 602 1013 possit
633 957 842 1007 amittere,
876 956 956 997 nisi
978 951 1071 1012 ipse
1096 962 1249 999 auctor
1278 958 1419 998 factus
1448 957 1516 1007 sit,
1541 957 1653 1012 quod
1683 961 1732 998 tu
1753 956 1843 1012 ipse

228 1022 406 1077 potuisti
448 1022 490 1063 in
531 1028 607 1064 tua
648 1037 798 1064 caussa
839 1022 1188 1064 discere—credo
1230 1022 1351 1073 enim,
1395 1037 1649 1078 quamquam
1691 1022 1733 1062 in
1774 1022 1843 1063 illa

228 1089 455 1144 adoptione
477 1088 664 1144 legitime
693 1089 853 1130 factum
884 1094 951 1130 est
981 1089 1097 1138 nihil,
1131 1095 1273 1131 tamen
1309 1094 1352 1130 te
1389 1104 1481 1130 esse
1518 1089 1841 1145 interrogatum,

228 1160 432 1196 auctorne
469 1169 594 1203 esses,
632 1159 679 1195 ut
714 1154 757 1194 in
792 1159 836 1195 te
879 1155 929 1197 P.
965 1155 1173 1196 Fonteius
1208 1154 1321 1196 vitae
1355 1155 1551 1211 necisque
1587 1160 1843 1210 potestatem

228 1220 420 1269 haberet,
444 1225 492 1260 ut
514 1220 555 1260 in
577 1220 881 1275 filio—quaero
904 1220 939 1261 si
960 1225 1034 1262 aut
1066 1235 1269 1275 negasses
1293 1226 1368 1262 aut
1399 1221 1619 1271 tacuisses,
1643 1221 1678 1262 si
1700 1226 1844 1262 tamen

228 1285 270 1326 id
294 1301 385 1325 xxx
419 1287 557 1327 curiae
575 1286 818 1341 jussissent,
842 1302 942 1327 num
965 1286 1006 1327 id
1024 1287 1192 1342 jussum
1214 1291 1327 1327 esset
1358 1289 1525 1329 ratum?
1588 1288 1713 1329 Certe
1745 1302 1842 1328 non.

230 1351 338 1403 Quid
367 1351 454 1392 ita?
486 1351 582 1407 quia
611 1352 682 1406 jus
713 1366 738 1392 a
768 1352 1002 1407 majoribus
1029 1352 1198 1401 nostris,
1233 1352 1407 1408 quinon
1435 1353 1534 1394 ficte
1563 1359 1606 1394 et
1639 1353 1846 1394 fallaciter

228 1417 464 1472 populares,
481 1418 554 1457 scd
577 1432 673 1458 vere
691 1423 734 1459 et
755 1418 969 1473 sapienter
991 1418 1171 1469 fuerunt,
1197 1418 1255 1460 ita
1278 1423 1569 1474 comparatum
1590 1424 1656 1460 est
1673 1424 1721 1460 ut
1743 1418 1846 1460 civis

229 1483 447 1524 Romanus
473 1483 714 1525 libertatem
736 1498 858 1524 nemo
891 1484 1025 1539 possit
1047 1484 1204 1525 invitus
1235 1484 1447 1526 amittere.
1513 1484 1623 1536 Quin
1653 1484 1781 1526 etiam
1809 1484 1845 1525 si

229 1548 453 1589 decemviri
481 1554 792 1590 sacramentum
826 1549 868 1589 in
892 1549 1136 1592 libertatem
1158 1550 1365 1605 injustum
1382 1550 1661 1605 judicassent,
1686 1555 1842 1601 tamen,

229 1614 578 1670 quotiescumque
601 1614 726 1656 vellet
747 1613 853 1670 quis,
878 1615 959 1656 1100
983 1615 1023 1655 111
1041 1630 1195 1671 genere
1217 1615 1305 1656 solo
1327 1630 1416 1656 rem
1434 1615 1671 1670 judicatam
1692 1616 1846 1657 referre

229 1694 354 1735 posse
383 1681 631 1728 voluerunt,
667 1680 884 1721 civitatem
920 1695 1018 1722 vero
1055 1696 1178 1722 nemo
1214 1696 1415 1736 umquam
1439 1681 1522 1722 ullo
1553 1681 1694 1736 populi
1723 1682 1845 1736 jussu

229 1746 403 1786 amittet
442 1745 611 1786 invitus.
674 1746 841 1787 XXX.
877 1746 959 1799 Qui
995 1746 1107 1787 cives
1145 1746 1324 1787 Romani
1366 1746 1408 1786 in
1444 1746 1630 1787 colonias
1670 1746 1846 1788 Latinas

229 1811 620 1866 proficiscebantur,
645 1811 735 1852 fieri
767 1826 850 1852 non
886 1817 1087 1867 poterant
1124 1811 1279 1862 Latini,
1304 1811 1345 1852 ni
1379 1817 1500 1853 erant
1525 1817 1720 1853 auctores
1741 1812 1846 1854 facti

275 1900 342 1937 leye
369 1899 627 1938 interroqavit?]
679 1899 886 1929 “Neminem
913 1909 1014 1929 unum
1059 1899 1170 1939 utique
1204 1899 1232 1929 ei
1265 1899 1347 1929 vitae
1383 1899 1532 1939 necisque
1563 1899 1597 1928 in
1631 1909 1669 1929 60
1703 1902 1846 1938 potestas

231 1942 331 1971 civem
363 1946 488 1971 tantum
519 1942 658 1971 eminere
689 1942 804 1972 debere
830 1946 867 1971 ut
893 1942 1016 1981 legibus

230 1985 417 2023 interrogari
435 1995 498 2014 non
516 1985 615 2024 possit
627 1984 645 1997 '’
680 1984 786 2025 (Livy,
802 1986 854 2015 38.
872 1996 898 2015 0.
916 1986 984 2025 50).

277 2038 373 2067 qzmm
384 2038 449 2067 pro
460 2029 599 2068 populo]
651 2032 657 2044 ‘
674 2029 733 2058 Pro
757 2029 875 2068 populo
892 2029 994 2059 facere
1008 2028 1016 2041 '

232 2072 259 2101 is
275 2075 308 2101 to
325 2072 464 2101 sacrifice
483 2071 531 2101 for
551 2072 605 2101 the
621 2072 733 2111 people
747 2084 754 2108 3
778 2082 811 2101 as
827 2073 859 2101 in
876 2072 1015 2102 Cicero's

232 2115 342 2144 letters
359 2118 391 2143 to
409 2115 534 2144 Atticus
560 2115 594 2155 (i.
616 2116 664 2151 12,
686 2114 749 2154 13).
796 2115 866 2145 The
881 2116 1015 2145 allusion

232 2158 258 2188 is
279 2162 312 2188 to
329 2158 459 2188 Clodius
485 2158 665 2196 disturbing
688 2158 742 2188 the
767 2158 960 2189 celebration
984 2159 1020 2188 of

231 2202 287 2231 the
312 2202 476 2241 mysteries
500 2202 535 2231 of
556 2201 611 2231 the
629 2202 718 2231 Bona
739 2202 817 2231 Dea.
866 2205 873 2218 ⁶
888 2202 949 2232 Pro
964 2204 971 2216 '
989 2203 1015 2232 is

232 2248 290 2274 not
327 2245 360 2274 in
392 2244 449 2281 C.;
487 2244 546 2274 but
583 2245 608 2275 it
637 2245 663 2274 is
694 2255 868 2285 necessary.
927 2245 943 2275 1
976 2246 1016 2276 do

232 2291 291 2317 not
314 2288 407 2317 know
423 2288 507 2318 what
528 2288 554 2317 is
579 2288 634 2318 the
655 2289 815 2328 authority
832 2290 880 2319 for
904 2289 1016 2319 ‘liber-

232 2330 355 2360 tatem.'
403 2331 539 2360 Baiter's
555 2332 702 2371 readings
719 2342 772 2362 are
789 2332 995 2372 ‘inpietatem
1008 2332 1015 2346 '

235 2374 270 2403 P.
288 2374 341 2409 V„
366 2374 601 2412 ‘impietatem'
632 2375 671 2405 G.
690 2375 749 2410 M.,
778 2380 835 2405 out
861 2376 897 2405 of
916 2376 1018 2405 which

234 2417 419 2446 Mommsen
436 2417 491 2446 has
506 2417 705 2457 ingeniously
722 2418 814 2448 made
827 2423 834 2435 ‘
847 2419 895 2448 sui
911 2422 1018 2458 potes-

234 2458 356 2495 tatem,'
365 2460 467 2489 which
476 2460 583 2489 Baiter
593 2461 648 2489 has
660 2461 691 2490 in
702 2461 751 2490 his
761 2464 840 2491 text.
859 2461 910 2491 He
920 2462 1018 2492 refers

234 2507 268 2533 to
287 2503 384 2533 Gaius
400 2503 431 2532 ii.
449 2504 508 2538 147
523 2515 529 2532 z
557 2506 576 2519 ‘⁴
589 2503 613 2532 si
627 2503 721 2533 modo
735 2504 903 2534 defunctus
918 2508 1017 2535 testa-

235 2550 285 2576 tor
297 2549 329 2575 et
342 2546 416 2575 civis
429 2546 592 2575 Romanus
605 2550 636 2576 et
646 2556 720 2576 suae
731 2548 896 2586 potestatis
908 2549 1017 2577 mortis

235 2592 380 2629 tempore
392 2587 521 2618 fuerit.’'
547 2589 611 2618 But
624 2589 688 2618 this
699 2590 762 2618 will
774 2594 832 2619 not
842 2600 938 2629 prove
948 2591 1019 2621 that

235 2633 291 2663 the
309 2632 450 2662 Romans
467 2632 533 2661 said
550 2635 556 2648 ¹
570 2632 617 2661 sui
638 2636 828 2671 potestatem
848 2633 1017 2663 amittere.’

234 2679 288 2698 —‘
295 2675 465 2715 adoptione
474 2674 492 2704 :⁷
508 2675 740 2714 ‘adoptatione’
750 2675 783 2704 P.
793 2675 831 2705 G.
838 2675 892 2712 V„
901 2676 1016 2706 Baiter.

279 2721 435 2749 auctorne
451 2718 558 2757 esses‚]
607 2718 711 2747 These
727 2728 779 2747 are
795 2718 850 2748 the
866 2719 968 2748 words
985 2720 1017 2748 in

235 2762 290 2792 the
306 2761 442 2791 formula
458 2761 494 2791 of
514 2764 521 2777 ‘
534 2761 696 2800 adrogatio
709 2760 716 2773 ’
743 2761 890 2801 (Gellius,
913 2772 942 2792 v.
964 2762 1016 2802 19)

236 2805 338 2834 which
354 2815 417 2834 was
432 2804 564 2835 effected
581 2804 621 2842 by
638 2814 657 2833 a
674 2804 739 2834 Lex
753 2804 901 2834 Curiata:
921 2807 940 2821 ‘⁶
952 2805 1015 2834 Ve-

234 2848 299 2877 litis
323 2848 461 2887 jubeatis
488 2850 524 2877 ut
552 2847 590 2877 L.
607 2847 752 2877 Valerius
779 2847 817 2877 L.
843 2847 928 2877 Titio
950 2850 1016 2877 tam

232 2891 304 2929 jure
327 2891 460 2930 legeque
480 2891 563 2920 filius
586 2889 675 2930 (sibi)
700 2890 770 2926 siet,
798 2900 894 2930 quam
922 2891 948 2920 si
977 2900 1016 2920 ex

235 2943 273 2964 eo
289 2937 378 2974 patre
394 2937 557 2974 matreque
580 2933 715 2964 familias
731 2933 798 2973 ejus
813 2938 907 2964 natus
923 2937 1016 2971 esset,

1061 1943 1130 1977 siet,
1148 1943 1194 1972 uti
1210 1943 1292 1982 patri
1309 1943 1390 1972 endo
1407 1943 1471 1972 11110
1488 1947 1547 1979 est,
1564 1942 1642 1972 11360
1657 1943 1701 1972 ita
1717 1946 1753 1972 ut
1769 1942 1845 1979 dixi,

1061 1986 1105 2016 ita
1120 1996 1186 2021 vos,
1204 1986 1356 2022 Quirites,
1373 1985 1484 2024 rogo.’'

1105 2030 1133 2059 si
1149 2029 1321 2059 decemviri
1340 2052 1346 2059 .
1366 2052 1373 2059 .
1394 2028 1642 2068 .judicassent,]
1690 2029 1741 2059 He
1757 2029 1783 2058 is
1799 2029 1845 2058 al-

1060 2072 1172 2111 luding
1185 2076 1218 2101 to
1232 2083 1250 2102 a
1267 2077 1273 2089 ⁴
1287 2083 1397 2102 caussa
1409 2072 1571 2108 liberalis,'
1585 2083 1603 2102 a
1615 2082 1685 2102 case
1698 2072 1729 2101 in
1742 2072 1845 2102 which

1060 2115 1116 2145 the
1144 2115 1282 2145 freedom
1311 2116 1347 2145 of
1368 2126 1386 2146 a
1409 2126 1524 2155 person
1544 2126 1607 2146 was
1629 2116 1662 2145 in
1686 2116 1844 2156 question.

1062 2162 1081 2175 ‘¹
1097 2159 1246 2198 Aliquem
1274 2159 1313 2189 de
1339 2159 1485 2189 libertate
1511 2159 1687 2198 litigantem
1711 2159 1845 2189 liberum

1061 2212 1125 2232 non
1156 2212 1225 2232 esse
1255 2203 1452 2241 judicassent
1463 2202 1483 2215 ''
1528 2201 1736 2243 (Manutius),
1774 2203 1846 2232 who

1060 2245 1158 2275 refers
1174 2249 1207 2275 to
1225 2246 1279 2276 the
1295 2256 1366 2276 ease
1381 2246 1418 2276 of
1430 2246 1484 2275 the
1497 2256 1619 2275 woman
1636 2245 1671 2275 of
1683 2246 1846 2275 Arretium

1063 2288 1139 2329 (Pro
1157 2288 1303 2325 Caecina,
1320 2300 1347 2319 c.
1365 2291 1417 2325 33,
1434 2289 1506 2319 Vol.
1525 2288 1607 2329 II.):
1634 2292 1653 2305 ‘⁴
1668 2299 1732 2319 non
1754 2298 1846 2327 posse

1061 2336 1206 2362 nostrum
1220 2336 1450 2362 sacramentum
1462 2333 1584 2371 justum
1594 2331 1772 2371 judicare,''
1783 2331 1845 2362 and

1065 2378 1331 2405 “sacramentum
1362 2379 1506 2405 nostrum
1534 2375 1657 2414 justum
1685 2375 1845 2414 judicave-
1863 2411 1870 2416 ·

1062 2417 1172 2448 runt.”
1220 2419 1315 2448 From
1346 2419 1410 2449 this
1435 2429 1481 2448 we
1504 2419 1592 2448 learn
1614 2419 1685 2448 that
1712 2418 1767 2448 the
1791 2428 1845 2448 ex-

1063 2462 1205 2501 pression
1232 2462 1258 2491 is
1287 2465 1537 2491 ‘sacramentum
1558 2462 1682 2500 justum
1695 2461 1703 2473 '
1724 2472 1760 2491 or
1777 2463 1844 2491 ‘in-

1059 2505 1183 2543 justum
1212 2504 1376 2543 judicare)
1424 2505 1487 2534 For
1515 2505 1671 2535 ‘referre'
1704 2505 1845 2535 Faernus

1062 2548 1119 2577 has
1136 2551 1143 2564 ‘
1155 2547 1284 2577 referri.'
1329 2547 1407 2577 This
1425 2551 1432 2564 ⁴
1444 2558 1510 2577 rem
1524 2548 1696 2586 judicatam
1713 2546 1845 2578 referre’

1062 2590 1088 2620 is
1119 2590 1278 2630 supposed
1305 2594 1339 2620 to
1364 2600 1455 2620 mean
1486 2591 1556 2620 that
1582 2591 1638 2621 the
1665 2591 1845 2622 Decemviri

1062 2633 1194 2663 allowed
1211 2643 1229 2662 a
1245 2643 1315 2663 case
1339 2634 1410 2663 that
1425 2644 1488 2664 was
1511 2644 1591 2664 once
1616 2635 1730 2665 settled
1751 2638 1784 2665 to
1805 2634 1846 2664 be

1063 2676 1143 2706 tried
1159 2677 1261 2715 again.

1107 2722 1115 2735 ‘
1131 2719 1384 2749 Sacramentum’
1402 2719 1427 2749 is
1444 2720 1610 2759 explained
1625 2721 1658 2750 in
1676 2721 1731 2750 the
1752 2722 1845 2750 notes

1062 2764 1095 2791 to
1111 2762 1166 2791 the
1182 2763 1306 2792 oration
1324 2763 1384 2792 Pro
1402 2763 1546 2799 Caecina,
1564 2774 1589 2793 c.
1607 2765 1660 2794 33.

1105 2806 1157 2835 30.
1188 2806 1251 2841 Qui
1267 2807 1349 2835 cives
1364 2807 1519 2846 Romani]
1548 2807 1606 2837 See
1625 2807 1685 2837 Pro
1697 2806 1842 2842 Caecina,

1062 2857 1088 2877 0.
1106 2849 1148 2879 33
1163 2848 1226 2877 and
1242 2849 1296 2878 the
1312 2852 1413 2886 notes,
1430 2850 1504 2880 Vol.
1522 2850 1571 2880 II.

1105 2891 1231 2927 Latini,
1263 2893 1297 2921 πὶ
1324 2893 1433 2932 erant]
1484 2896 1491 2909 ‘
1505 2893 1621 2923 Latini
1655 2893 1719 2922 nisi
1749 2893 1842 2922 erant

1063 2933 1230 2972 Klotzius3
1255 2935 1350 2966 latini
1369 2937 1382 2972 [Ι
1403 2938 1496 2966 erant
1520 2934 1606 2977 (post
1621 2946 1651 2967 v.
1668 2935 1763 2967 latini
1778 2934 1840 2974 syl-
