2063 3242
305 147 360 187 98
752 147 929 189 ORAT.
966 148 1083 189 PRO
1119 148 1167 191 L.
1193 149 1466 190 MURENA

306 273 390 300 non
412 274 534 315 quam
556 261 771 309 volebam;
806 276 928 310 nune,
963 277 1091 317 quum
1121 277 1266 304 omnes
1296 278 1363 304 me
1394 277 1568 304 caussae
1592 263 1644 304 ad
1672 262 1906 304 misericor-

308 325 420 365 diam
451 330 579 381 atque
613 327 667 367 ad
698 327 1002 368 humanitatem
1023 332 1184 376 vocent,
1215 333 1371 383 quanto
1403 329 1576 369 tandem
1607 328 1746 370 studio
1777 329 1907 369 debeo

308 395 483 431 naturae
515 406 633 432 meae
665 392 1035 446 consuetudinique
1067 393 1249 434 servire?
1310 394 1376 434 Ac
1410 394 1461 434 de
1490 393 1626 434 officio
1655 393 1907 434 defensionis

309 470 426 496 meae
447 470 495 496 ac
523 457 574 496 de
602 457 764 497 ratione
789 457 1070 498 accusationis
1102 463 1202 499 tuae
1235 458 1414 499 fortasse
1448 458 1576 499 etiam
1609 457 1691 499 alia
1719 458 1761 498 in
1789 462 1907 512 parte

310 520 510 561 orationis
532 522 751 562 dicendum
774 522 894 562 nobis
916 521 1009 563 erit.

370 587 454 627 Sed
475 601 552 634 me,
572 587 748 641 judices,
773 602 855 627 non
877 587 1012 628 minus
1037 587 1216 628 hominis
1247 587 1544 642 sapientissimi
1575 592 1702 643 atque
1729 588 1908 629 ornatis-

311 651 403 691 simi
428 651 558 692 Servii
579 652 747 707 Sulpicii
770 653 1016 707 conquestio
1035 667 1158 707 quam
1178 653 1351 694 Catonis
1367 653 1583 694 accusatio
1601 654 1905 703 commovebat,

311 717 379 771 qui
402 717 645 771 gravissime
668 723 711 758 et
732 718 995 758 acerbissime
1017 718 1125 758 ferre
1147 733 1191 758 se
1221 718 1327 758 dixit
1355 732 1421 758 me
1449 717 1746 758 familiaritatis
1766 732 1907 758 neces-

311 781 586 836 situdinisque
628 782 803 823 oblitum
844 797 1033 823 caussam
1076 783 1124 824 L.
1166 783 1370 823 Murenae
1407 787 1554 824 contra
1590 797 1634 823 se
1671 782 1906 823 defendere.

313 846 426 887 Huic
467 861 558 901 ege,
597 847 773 901 judices,
817 848 1060 889 satisfacere
1101 848 1235 903 cupi0‚
1274 862 1429 902 vosque
1470 848 1668 888 adhibere
1708 847 1905 888 arbitros.

312 911 422 952 Nam
443 926 570 966 quum
592 927 716 966 grave
738 917 804 953 est
825 927 920 953 vere
941 913 1129 954 accusari
1160 913 1202 952 in
1229 912 1432 963 amicitia,
1458 918 1562 961 tum,
1587 912 1714 954 etiam
1740 912 1775 953 si
1802 912 1908 953 falso

309 978 528 1027 accuseris,
564 993 646 1018 non
674 983 740 1019 est
771 978 1077 1033 negligendum.
1143 979 1250 1034 Ego,
1288 979 1403 1020 Servi
1428 978 1598 1033 Sulpici,
1632 994 1699 1018 me
1729 978 1770 1018 in
1802 978 1909 1033 peti—

309 1042 423 1083 tione
445 1048 520 1084 tua
541 1043 618 1083 tibi
641 1043 780 1084 onmia
801 1044 942 1084 studia
963 1050 1091 1099 atque
1113 1044 1248 1084 officia
1270 1059 1345 1099 pro
1366 1048 1512 1084 nostra
1538 1043 1842 1084 necessitudine
1864 1049 1909 1085 et

310 1107 504 1148 debuisse
530 1108 736 1148 confiteor
765 1113 808 1149 et
839 1109 1102 1163 praestitisse
1132 1109 1327 1150 arbitror.
1391 1108 1507 1148 Nihil
1537 1108 1614 1149 tibi
1644 1109 1908 1149 consulatum

308 1173 471 1227 petenti
491 1187 516 1213 a
537 1188 603 1214 me
625 1173 757 1214 defuit
778 1174 888 1228 quod
910 1180 1021 1214 esset
1048 1179 1124 1215 aut
1154 1174 1206 1214 ab
1238 1173 1372 1215 amico
1404 1178 1480 1215 aut
1510 1188 1535 1214 a
1562 1173 1751 1229 gratioso
1784 1178 1859 1214 aut
1883 1189 1909 1214 a

309 1238 478 1278 consule
499 1238 809 1292 postulandum.
872 1239 994 1280 Abiit
1023 1239 1123 1279 illud
1154 1243 1345 1294 tempus:
1382 1243 1545 1280 mutata
1566 1239 1674 1279 ratio
1697 1244 1776 1279 est.
1839 1239 1908 1279 Sic

308 1301 514 1352 existimo,
554 1302 614 1343 sic
651 1303 752 1343 mihi
789 1305 1035 1358 persuadeo,
1068 1319 1134 1344 me
1172 1304 1249 1345 tibi
1284 1309 1433 1344 contra
1466 1304 1665 1344 honorem
1702 1304 1907 1345 Murenae

308 1371 512 1420 quantum
535 1372 581 1408 tu
603 1382 628 1408 a
648 1382 714 1408 me
737 1368 950 1423 postulare
971 1383 1098 1409 ausus
1119 1369 1176 1409 sis
1197 1373 1365 1410 tantum
1388 1369 1605 1415 debuisse3
1632 1373 1779 1409 contra
1799 1368 1908 1409 salu-

307 1435 394 1471 tem
416 1431 517 1471 nihil
539 1432 703 1472 debere.
747 1432 894 1487 Neque
912 1433 1020 1473 enim
1042 1433 1076 1473 si
1099 1433 1176 1474 tibi
1199 1439 1290 1474 tum
1312 1448 1437 1488 quuln
1460 1438 1625 1488 peteres
1643 1434 1907 1474 consulatum

307 1496 418 1545 affui,
444 1512 552 1537 nunc
576 1512 703 1552 quum
730 1497 953 1538 Murenam
979 1497 1116 1553 ipsum
1146 1503 1268 1553 petas
1295 1499 1467 1553 adjutor
1495 1499 1641 1540 eodem
1669 1504 1792 1554 pacto
1815 1514 1906 1540 esse

308 1562 453 1603 debeo.
517 1562 662 1617 Atque
685 1563 763 1604 hoc
787 1578 870 1603 non
891 1564 1015 1604 modo
1037 1578 1120 1604 non
1141 1564 1314 1613 laudari,
1348 1565 1422 1605 sed
1453 1579 1505 1605 ne
1537 1564 1709 1605 concedi
1741 1565 1907 1619 quidem

307 1632 461 1681 potest,
506 1633 553 1669 ut
593 1628 738 1669 amicis
779 1629 935 1669 nostris
982 1629 1279 1670 accusantibus
1326 1644 1409 1670 non
1460 1629 1587 1670 etiam
1631 1629 1907 1671 alienissimos

309 1692 595 1733 defendamus.

368 1756 451 1796 IV.
488 1757 594 1797 Mihi
616 1763 758 1799 autem
781 1773 875 1799 eum
901 1758 1091 1807 Murena,
1120 1758 1299 1813 judices,
1327 1764 1371 1800 et
1398 1774 1552 1814 magna
1582 1764 1626 1800 et
1656 1765 1776 1801 vetus
1806 1759 1907 1800 ami-

310 1820 409 1862 citia
431 1826 507 1872 est,
532 1837 638 1877 quae
660 1822 702 1863 in
725 1824 874 1878 eapitis
906 1824 1174 1865 dimicatione
1199 1839 1224 1864 a
1256 1824 1400 1865 Servio
1433 1824 1618 1879 Sulpicio
1647 1839 1730 1865 non
1752 1824 1906 1866 idcirco

353 1975 403 2004 Ac
428 1975 466 2005 de
489 1974 606 2015 officio]
657 1976 798 2007 Goerenz
822 1977 939 2007 altered
963 1977 1026 2008 this
1053 1980 1086 2008 to

313 2017 399 2053 ‘At‚’
423 2018 525 2048 which
547 2019 586 2048 he
605 2020 743 2059 thought
763 2020 834 2050 that
854 2021 909 2050 the
930 2031 1020 2051 sense
1038 2032 1085 2051 re-

312 2061 433 2101 quired.
481 2061 546 2095 (Ad
563 2062 627 2092 Cic.
644 2062 741 2092 Acad.
758 2064 790 2092 ii.
808 2064 853 2101 2.)

355 2105 598 2144 sapientissimi]
649 2106 708 2136 His
733 2106 922 2146 ‘sapientia’
950 2117 1012 2136 was
1037 2107 1087 2137 his

312 2146 392 2185 legal
423 2147 616 2186 knowledge.
674 2149 873 2188 ‘Sapientia'
901 2151 927 2179 is
952 2150 1029 2180 used
1054 2154 1086 2180 to

313 2190 426 2228 signify
457 2190 645 2230 philosophy
675 2196 749 2228 too;
787 2193 847 2222 and
878 2203 965 2222 more
1001 2203 1086 2222 com-

1131 1978 1284 2008 favourite
1311 1978 1347 2008 of
1372 1978 1426 2008 the
1456 1978 1586 2018 people:
1617 1978 1731 2008 “Tum
1763 1979 1906 2018 Pythius,

1132 2022 1185 2061 qui
1215 2026 1297 2051 esset
1327 2025 1363 2051 ut
1389 2022 1584 2061 argentarius
1610 2022 1694 2061 apud
1720 2032 1829 2051 omnes
1856 2032 1907 2052 or-

1131 2065 1219 2094 dines
1236 2065 1390 2103 gratiosus
1402 2064 1422 2078 '⁷
1442 2065 1507 2098 (De
1523 2065 1587 2095 Off.
1604 2065 1647 2094 iii.
1668 2065 1733 2104 14).

1174 2108 1283 2147 offui,]
1333 2108 1379 2137 Or
1399 2108 1526 2143 ‘adfui,'
1543 2108 1597 2137 the
1616 2118 1763 2137 common
1779 2118 1908 2147 expres-

1132 2151 1200 2180 sion
1217 2151 1248 2180 in
1269 2151 1345 2180 such
1369 2161 1464 2180 cases.
1514 2151 1564 2181 He
1587 2151 1657 2180 who
1679 2151 1768 2190 helps
1791 2161 1809 2180 a
1832 2161 1906 2180 man

1131 2194 1163 2223 in
1180 2204 1198 2223 a
1216 2198 1330 2223 matter
1351 2194 1376 2224 is
1396 2194 1461 2223 said
1487 2194 1631 2223 ‘adesse’
1657 2193 1743 2234 (Vol.
1762 2194 1789 2223 I.
1813 2194 1904 2224 Verr.

312 2233 430 2272 monly.
479 2234 634 2272 Sulpicius
655 2245 716 2264 was
740 2235 818 2265 both
841 2247 860 2266 a
882 2237 1087 2276 philosopher

312 2275 375 2304 and
401 2286 419 2304 a
439 2276 552 2314 jurist3
585 2277 646 2307 and
672 2278 710 2307 he
737 2289 799 2308 was
822 2290 840 2308 a
866 2279 969 2309 better
992 2280 1087 2318 jurist

312 2319 446 2348 because
463 2319 502 2348 hc
518 2330 578 2349 was
594 2330 612 2349 a
629 2321 839 2360 philosopher.
880 2322 999 2358 Cicero,
1017 2323 1086 2352 who

312 2362 368 2391 has
385 2362 452 2391 well
467 2362 630 2401 explained
647 2374 740 2402 many
753 2365 869 2403 things,
881 2366 950 2394 tells
967 2376 1003 2395 us
1016 2366 1086 2395 who

311 2404 337 2434 is
359 2405 424 2434 ‘vir
447 2405 570 2444 sapiens
597 2409 629 2435 et
656 2406 814 2445 prmlens‚’
838 2408 900 2437 and
928 2408 966 2437 he
990 2412 1087 2438 wrote

312 2447 376 2477 this
391 2451 423 2477 at
440 2448 493 2477 the
509 2448 570 2477 end
586 2449 621 2477 of
634 2449 680 2477 his
696 2450 749 2478 life
764 2450 844 2480 after
859 2461 877 2479 a
892 2451 976 2489 large
992 2461 1086 2490 expe-

312 2491 415 2520 rienee
431 2491 466 2520 of
487 2501 576 2520 men:
603 2494 622 2507 ‘⁴
635 2492 680 2521 Ut
696 2492 778 2521 enim
801 2494 934 2532 quisque
951 2495 1086 2524 maxime

312 2534 461 2573 perspicit
477 2534 551 2573 quid
568 2534 599 2563 in
621 2544 654 2564 rc
677 2545 800 2574 quaque
816 2537 1012 2566 verissimum
1035 2537 1084 2572 sit,

312 2577 430 2616 quique
459 2577 638 2606 acutissime
669 2582 699 2606 et
730 2578 889 2607 celerrime
920 2583 1024 2617 potest
1055 2584 1086 2609 et

311 2619 417 2649 videre
433 2623 465 2649 et
481 2620 634 2658 explicare
650 2620 812 2653 rationem.
830 2622 855 2650 is
879 2622 1084 2660 prudentissi-

312 2673 382 2691 mus
398 2666 429 2692 et
442 2663 690 2701 sapientissimus
703 2664 761 2692 rite
772 2664 877 2693 haberi
895 2665 973 2693 solet
985 2664 1005 2677 ''
1020 2665 1084 2704 (De

311 2705 375 2735 Off.
394 2706 413 2735 i.
431 2705 476 2745 5).
523 2706 600 2735 This
616 2717 678 2735 was
694 2706 747 2735 the
760 2707 887 2745 opinion
904 2706 939 2736 of
951 2708 1084 2737 another

309 2752 398 2787 great
410 2749 522 2784 writer,
535 2749 604 2778 who
615 2749 770 2778 describes
780 2750 810 2778 in
826 2750 913 2778 these
924 2753 1019 2779 ternis
1030 2751 1084 2780 the

310 2791 471 2822 character
486 2792 521 2821 of
536 2792 764 2821 Themistocles
782 2792 937 2831 (Thucyd.
955 2793 974 2821 i.
997 2794 1081 2832 138).

351 2835 510 2874 yratioso]
560 2835 631 2865 One
656 2835 726 2864 who
754 2835 815 2864 had
843 2835 926 2864 what
951 2845 997 2864 we
1024 2836 1082 2865 eall

309 2878 466 2908 influence
495 2878 571 2908 with
602 2878 642 2908 all
672 2878 784 2918 people
814 2888 849 2907 or
879 2878 1002 2914 classes,
1029 2878 1082 2908 the

1131 2237 1163 2267 ii.
1181 2238 1209 2266 2,
1227 2247 1253 2266 e.
1271 2237 1337 2277 29).
1377 2237 1445 2266 The
1461 2247 1607 2266 common
1623 2237 1752 2275 reading
1767 2237 1793 2265 is
1810 2240 1816 2253 ‘
1830 2246 1904 2266 con-

1132 2280 1269 2309 sulatum
1299 2280 1384 2309 adfui
1408 2280 1522 2309 idcirco
1550 2279 1656 2316 nunc,'
1688 2279 1802 2316 which,
1835 2290 1904 2319 says

1133 2322 1239 2358 Halm,
1256 2323 1282 2351 is
1300 2326 1319 2339 ‘⁴
1332 2326 1440 2351 contra
1455 2321 1570 2351 codd.”

1174 2367 1203 2395 4.
1230 2366 1345 2404 capitis
1361 2365 1581 2404 dimicatione]
1610 2368 1628 2381 “
1641 2365 1679 2394 In
1696 2375 1714 2394 a
1729 2365 1801 2394 trial
1813 2365 1904 2395 when

1130 2408 1178 2438 his
1203 2408 1325 2437 honour
1340 2408 1366 2437 is
1382 2412 1414 2437 at
1432 2407 1555 2443 stake,”
1580 2417 1613 2437 as
1636 2418 1682 2437 we
1705 2408 1806 2446 might
1829 2418 1903 2447 say3

1130 2452 1179 2481 his
1203 2451 1274 2480 civil
1298 2451 1431 2485 honour,
1455 2450 1503 2479 for
1527 2450 1553 2479 if
1573 2451 1613 2479 he
1637 2451 1698 2479 had
1724 2450 1803 2480 been
1829 2461 1904 2480 con-

1129 2494 1240 2530 vieted,
1258 2494 1296 2523 he
1313 2497 1398 2522 must
1414 2493 1492 2522 have
1508 2503 1588 2532 gone
1603 2493 1670 2522 into
1691 2494 1770 2523 exile
1786 2494 1834 2523 for
1850 2497 1904 2523 ten

1129 2540 1283 2576 years.——‘
1295 2536 1333 2566 ab
1357 2536 1498 2566 eodemz'
1526 2536 1583 2565 ‘ab
1611 2535 1669 2572 eo‚’
1698 2537 1804 2572 Halm,
1833 2536 1903 2566 who

1130 2580 1249 2609 follows
1264 2580 1291 2609 G
1308 2590 1336 2608 v.
1381 2582 1388 2595 ⁴
1400 2578 1571 2614 Amicitia‚'
1585 2579 1624 2607 he
1640 2589 1720 2618 says,
1739 2583 1758 2596 ‘¹
1772 2590 1834 2609 non
1846 2579 1901 2609 ob-

1129 2621 1279 2658 ruetur;'’
1304 2622 1364 2651 aud
1388 2622 1478 2660 again
1502 2621 1537 2651 of
1558 2621 1733 2651 ‘amicitia’
1760 2622 1799 2651 he
1821 2632 1901 2662 says,

1130 2669 1148 2682 ‘⁶
1161 2668 1307 2704 superata
1321 2664 1403 2699 est‚''
1421 2664 1498 2693 both
1515 2665 1550 2693 of
1569 2665 1655 2693 them
1678 2665 1773 2695 forms
1795 2665 1831 2695 of
1848 2675 1901 2695 ex-

1127 2709 1269 2747 pression
1285 2707 1385 2737 which
1396 2717 1453 2736 our
1465 2707 1616 2746 language
1629 2708 1703 2737 does
1720 2712 1776 2737 not
1791 2708 1900 2738 admit.

1128 2751 1226 2780 What
1254 2751 1293 2780 he
1319 2760 1387 2789 says
1413 2750 1438 2779 is
1462 2750 1543 2779 this:
1573 2750 1710 2780 “NVhen
1738 2751 1902 2781 Murena's

1127 2793 1251 2823 honour
1275 2794 1300 2822 is
1326 2797 1359 2822 at
1389 2793 1488 2828 stake,
1516 2793 1528 2822 Ι
1558 2793 1618 2822 will
1648 2797 1704 2822 not
1730 2794 1820 2823 allow
1848 2804 1901 2833 my

1127 2836 1299 2875 friendship
1323 2835 1371 2865 for
1394 2835 1459 2864 him
1483 2839 1516 2865 to
1544 2835 1583 2865 be
1603 2836 1736 2865 crushed
1755 2836 1796 2875 by
1814 2836 1899 2866 Serv.

1129 2879 1296 2918 Sulpicius,
1324 2878 1458 2908 because
1487 2879 1578 2908 when
1608 2879 1683 2918 they
1714 2889 1794 2908 were
1823 2879 1900 2909 rival
