2063 3242
327 146 380 186 22
721 145 899 187 ORAT.
934 146 969 188 Ι.
1004 145 1068 186 ΙΝ
1102 145 1151 186 L.
1175 144 1529 187 CATILINAM

703 259 814 300 Num
836 259 1004 300 dubitas
1029 259 1070 299 id
1100 274 1164 299 me
1194 258 1424 313 imperante
1445 258 1582 298 facere
1604 258 1714 313 quod
1739 258 1826 313 jam
1848 264 1923 301 tua

327 330 477 379 sponte
511 324 723 365 faciebas?
784 325 912 366 Exire
946 340 998 366 ex
1031 325 1133 364 urbe
1161 324 1283 378 jubet
1317 323 1462 364 consul
1497 323 1676 365 hostem.
1741 324 1923 366 Interro-

326 405 403 444 gas
425 405 502 439 me,
528 405 626 430 num
650 390 690 430 in
713 391 902 431 exsilium
921 392 933 431 3
996 389 1090 430 Non
1108 386 1236 444 jubeo
1255 405 1263 430 :
1298 389 1372 429 sed
1394 389 1428 429 si
1450 404 1515 429 me
1536 389 1729 439 consulis,
1753 391 1923 431 suadeo.

386 455 468 495 VI.
495 456 603 508 Quid
626 461 690 496 est
712 456 832 505 enim,
858 454 1050 504 Catilina,
1087 455 1197 510 quod
1228 462 1272 494 te
1300 454 1388 508 jam
1420 454 1461 494 in
1489 454 1566 495 hac
1589 455 1691 495 urbe
1714 455 1924 496 delectare

325 520 472 575 possit,
511 520 552 560 in
589 535 669 575 qua
702 535 821 560 nemo
855 527 930 568 est,
966 525 1088 561 extra
1124 520 1251 560 istam
1292 519 1624 573 conjurationem
1665 521 1925 575 perditorum

326 584 553 633 hominum,
592 585 660 640 qui
691 590 732 626 te
764 600 846 625 non
878 590 1054 635 metuat,
1089 599 1209 625 nemo
1239 584 1308 639 qui
1340 599 1421 624 non
1453 585 1615 626 oderit?
1676 587 1793 638 Quae
1824 592 1926 627 nota

328 650 581 691 domesticae
611 650 886 705 turpitudinis
916 665 999 690 non
1031 650 1170 690 inusta
1192 649 1302 690 vitae
1324 655 1422 690 tuae
1444 651 1537 691 est?
1598 651 1717 703 Quod
1746 652 1925 706 privata-

326 730 416 755 rum
452 731 590 756 rerum
613 710 793 756 dedecus
824 731 907 756 non
939 716 1085 756 haeret
1116 715 1335 756 infamiae?
1397 716 1514 767 Quae
1544 716 1671 757 libido
1700 717 1752 757 ab
1778 716 1922 767 oculis,

326 781 437 835 quod
459 781 618 821 facinus
638 796 662 821 a
684 781 874 821 manibus
896 796 1092 835 umquam
1114 780 1211 829 tuis,
1236 781 1346 835 quod
1368 781 1571 834 flagitium
1593 796 1618 821 a
1639 787 1730 823 toto
1753 796 1925 837 corpore

325 845 489 886 abfuit?
552 845 628 886 Oui
659 851 706 887 tu
738 846 1064 894 adolescentulo,
1088 861 1211 901 quem
1244 846 1575 901 corruptela-rum
1603 847 1805 888 illecebris
1826 848 1925 888 irre-

324 910 462 957 tisses,
487 926 567 951 non
599 918 672 952 aut
702 912 753 951 ad
785 912 1002 952 audaciam
1035 912 1187 952 ferrum
1219 916 1294 952 aut
1324 911 1377 952 ad
1407 911 1622 953 libidinem
1651 913 1785 954 facem
1807 928 1925 968 prae-

325 975 484 1017 tulisti?
547 977 655 1029 Quid
691 978 813 1017 vero?
876 976 1022 1032 Nuper
1054 992 1181 1032 quum
1215 983 1350 1018 morte
1385 978 1611 1032 superioris
1636 979 1776 1019 uxoris
1807 978 1925 1019 novis

325 1041 483 1095 nuptiis
512 1042 683 1082 domum
715 1042 1024 1091 vacuefecisses,
1059 1057 1196 1083 nonne
1230 1042 1356 1083 etiam
1389 1042 1469 1084 alio
1502 1043 1735 1085 incredibili
1768 1045 1924 1085 scelere

323 1106 404 1146 hoc
427 1106 563 1147 scelus
585 1107 835 1148 cumulasti?
875 1107 997 1159 Quod
1019 1123 1098 1161 ego
1119 1108 1413 1162 praetermitto
1435 1113 1478 1149 et
1499 1108 1619 1149 facile
1639 1109 1778 1164 patior
1799 1109 1924 1158 sileri,

322 1186 373 1210 ne
396 1170 437 1210 in
459 1171 536 1212 hac
568 1172 740 1213 civitate
770 1173 879 1214 tanti
910 1173 1107 1214 facinoris
1137 1173 1377 1214 immanitas
1409 1179 1484 1215 aut
1515 1174 1727 1216 exstitisse
1747 1180 1821 1216 aut
1842 1189 1926 1214 non

323 1235 532 1277 vindicata
563 1251 654 1278 esse
676 1238 879 1279 videatur.
944 1238 1246 1280 Praetermitto
1276 1239 1418 1279 ruinas
1448 1239 1712 1280 fortunarum
1743 1246 1922 1289 tuarum,

323 1316 426 1356 quas
460 1317 604 1343 omnes
639 1303 879 1358 impendere
910 1304 989 1345 tibi
1017 1305 1217 1359 proximis
1241 1305 1387 1345 Idibus
1419 1305 1599 1348 senties:
1634 1306 1688 1346 ad
1716 1306 1784 1346 illa
1805 1306 1924 1347 venio

322 1382 428 1422 quae
450 1382 531 1408 non
554 1369 607 1408 ad
629 1369 836 1423 privatam
859 1370 1129 1425 ignominiam
1152 1370 1344 1411 vitiorum
1376 1376 1558 1420 tuorum,
1585 1386 1667 1411 non
1688 1372 1740 1411 ad
1764 1372 1926 1412 domes-

321 1432 450 1473 ticam
488 1438 604 1474 tuam
638 1435 932 1476 difficultatem
968 1451 1017 1476 ac
1050 1436 1366 1491 turpitudinem,
1404 1437 1479 1477 sed
1511 1437 1565 1477 ad
1599 1452 1805 1478 summam
1837 1452 1925 1478 rem

322 1498 529 1552 publicam
559 1504 686 1554 atque
718 1501 772 1541 ad
807 1501 990 1541 omnium
1024 1506 1216 1542 nostrum
1243 1502 1372 1543 vitam
1403 1502 1665 1557 salutemque
1696 1503 1923 1557 pertinent.

325 1563 528 1605 Potestne
551 1565 627 1606 tibi
650 1566 751 1606 haec
773 1566 856 1617 lux,
884 1567 1076 1615 Catilina,
1100 1572 1175 1607 aut
1198 1567 1320 1620 hujus
1342 1567 1445 1608 caeli
1468 1568 1641 1623 spiritus
1667 1583 1758 1609 esse
1775 1569 1926 1623 jucun-

324 1629 413 1677 dus,
438 1644 565 1684 quum
587 1631 695 1671 scias
718 1631 865 1671 horum
887 1646 979 1672 esse
1001 1632 1207 1671 neminem
1225 1631 1294 1686 qui
1312 1631 1475 1673 nesciat
1495 1638 1538 1673 te
1560 1632 1692 1687 pridie
1708 1632 1925 1674 Kalendas

324 1694 424 1733 Jan.
466 1694 623 1748 Lepido
665 1701 708 1736 et
744 1696 864 1736 Tullo
907 1697 1147 1737 consulibus
1188 1697 1358 1738 stetisse
1398 1696 1440 1737 in
1480 1697 1651 1738 comitio
1685 1712 1779 1738 cum
1813 1698 1926 1740 telo?

327 264 405 309 est,
433 258 641 300 Catilina?

326 1787 442 1826 probro
467 1792 561 1828 atquc
592 1790 765 1828 petulantia
793 1801 939 1821 maxume
966 1795 1101 1831 praesta-

326 1830 413 1866 bant,
445 1831 520 1860 item
551 1832 601 1861 alii
637 1843 693 1871 per
723 1833 876 1863 dedecora
906 1835 1102 1873 patrimoniis

326 1874 458 1908 amissis,
473 1878 633 1912 postremo
650 1886 771 1911 omnes,
786 1887 864 1915 quos
881 1877 1034 1916 flagitium
1048 1882 1103 1908 aut

327 1916 446 1945 facinus
463 1917 556 1946 domo
576 1919 748 1956 expulerat,
764 1920 786 1948 ii
810 1920 943 1949 Romam
969 1921 1048 1950 sicut
1069 1922 1101 1950 in

327 1960 482 1989 sentinam
501 1961 751 1991 confluxerant.”

370 2003 399 2032 6.
426 2006 500 2032 nola
518 2004 722 2044 domesticae]
766 2004 881 2035 Sallust
900 2006 983 2046 (Cat.
1002 2017 1028 2036 c.
1050 2007 1101 2046 15>

326 2044 382 2073 has
399 2045 489 2084 given
505 2046 558 2075 the
571 2047 754 2077 scandalous
771 2048 890 2087 history
907 2049 942 2078 os
955 2049 1100 2080 Catilina.

327 2088 436 2117 Cicero
453 2088 527 2118 here
543 2090 655 2128 speaks
671 2090 706 2119 of
725 2091 859 2121 Catilina
881 2092 996 2131 having
1016 2103 1101 2123 mur-

326 2130 419 2159 dered
442 2131 490 2160 his
506 2132 584 2167 wife,
603 2133 703 2162 which
727 2134 752 2163 is
777 2139 832 2164 not
856 2136 1035 2165 mentioned
1060 2136 1101 2176 by

325 2183 387 2212 any
404 2174 495 2203 other
511 2175 632 2211 writer;
656 2176 717 2205 and
735 2187 805 2216 may
823 2183 878 2207 not
894 2178 933 2208 be
950 2183 1028 2209 true.
1070 2180 1101 2209 It

325 2226 388 2245 was
413 2216 460 2246 his
489 2218 610 2247 fashion
635 2223 667 2248 to
694 2230 747 2258 say
770 2221 846 2250 such
871 2222 986 2261 things.
1033 2222 1101 2252 The

327 2259 406 2288 ‘alio
431 2260 564 2289 seclere'
593 2265 625 2290 to
654 2262 753 2291 which
779 2263 818 2292 he
845 2264 964 2294 alludes
994 2266 1020 2295 is
1047 2266 1102 2295 the

324 2302 515 2340 imputation
532 2303 567 2332 of
588 2304 701 2344 having
722 2310 778 2344 put
802 2311 835 2335 to
852 2307 946 2337 death
967 2308 1015 2338 his
1031 2318 1100 2338 own

325 2355 380 2374 son
400 2345 661 2387 (Introduction).
712 2348 837 2378 Instead
854 2350 889 2379 of
903 2354 909 2367 ‘
923 2351 1015 2384 Quod
1037 2353 1100 2390 pri-

324 2391 467 2417 vatarum
482 2406 500 2409 -
514 2389 680 2425 infamiae‚’
704 2391 797 2421 Halm
819 2393 873 2422 has
898 2394 1014 2426 ‘Quod
1037 2395 1100 2433 pri-

323 2432 542 2461 vatarum—in
558 2433 662 2469 fama,'
673 2444 712 2463 an
724 2435 924 2465 emendation
936 2438 969 2466 of
979 2438 1098 2467 Anton.

324 2474 532 2510 Augustinus.

357 2518 469 2552 ‚lucem
483 2520 669 2555 praetulisti
683 2519 715 2558 J]
751 2520 811 2549 we
827 2522 940 2551 should
958 2533 1029 2552 now
1045 2533 1099 2562 say

324 2559 394 2588 ‘led
413 2560 466 2589 the
483 2560 570 2599 way.’
617 2562 684 2591 The
712 2563 849 2592 Romans
871 2565 936 2594 said
961 2566 1099 2604 ‘lighted

323 2602 377 2631 the
394 2603 483 2641 way‚’
501 2614 534 2632 as
552 2614 612 2633 was
630 2605 712 2633 done
728 2611 759 2634 at
779 2606 879 2636 Rome
892 2608 980 2637 when
998 2610 1019 2637 it
1039 2619 1099 2638 was

323 2645 398 2674 dark
419 2645 456 2684 by
474 2646 582 2681 slaves,
598 2648 667 2676 who
685 2649 800 2678 carried
819 2650 910 2679 links.
948 2651 1098 2681 llorace's

323 2688 392 2717 wild
411 2688 511 2717 follow
535 2691 615 2728 (Sat.
635 2691 653 2719 i.
673 2693 697 2720 4,
719 2702 745 2720 v.
764 2693 818 2730 51)
845 2693 904 2722 had
929 2694 1011 2722 liuks
1035 2705 1098 2724 car-

322 2731 388 2760 ried
407 2731 510 2761 before
528 2732 591 2762 him
608 2744 684 2762 even
702 2734 808 2764 before
825 2736 848 2764 it
865 2746 926 2765 was
943 2737 1018 2766 ‹lark
1034 2749 1040 2766 :

344 2785 362 2797 ‘⁴
378 2782 492 2811 Ebrius
509 2787 549 2820 et,
561 2794 709 2823 magnum
726 2786 810 2825 quod
827 2787 973 2824 dedecus,
987 2788 1098 2818 ambu-

419 2826 461 2854 lat
476 2831 549 2855 ante

377 2867 512 2898 Noctem
530 2880 600 2900 cum
617 2870 773 2901 facibus.'’

1185 1793 1349 1830 prooeimz's
1364 1792 1492 1830 Idibus]
1540 1792 1676 1823 Catilina
1696 1803 1759 1823 was
1780 1793 1813 1823 in
1837 1794 1924 1831 debt,

1147 1834 1208 1863 and
1225 1835 1280 1864 the
1298 1835 1373 1864 Idus
1391 1845 1452 1864 was
1465 1835 1520 1864 the
1535 1836 1596 1875 day
1608 1837 1698 1866 when
1715 1838 1846 1867 interest
1861 1848 1924 1868 was

1147 1877 1219 1917 paid
1236 1888 1277 1907 on
1298 1878 1397 1914 loans,
1414 1878 1476 1908 and
1497 1879 1651 1919 principal
1672 1890 1758 1910 sums
1774 1890 1855 1911 were
1869 1884 1925 1921 got

1146 1921 1199 1957 in;
1223 1931 1256 1950 as
1275 1921 1398 1951 Horace
1414 1921 1470 1951 has
1486 1922 1510 1951 it
1527 1922 1663 1962 (Epode,
1680 1922 1726 1963 ii.)
1743 1935 1750 1953 ι

1202 2017 1220 2030 “
1234 2014 1369 2044 Omnem
1386 2014 1507 2053 redegit
1524 2015 1634 2045 Idibus
1650 2016 1836 2055 pecuniam3

1278 2057 1408 2090 Quaerit
1426 2058 1578 2088 Kalendis
1595 2058 1746 2098 ponere.'’

1147 2148 1256 2179 Cicero
1274 2147 1371 2189 (Phil.
1386 2149 1417 2178 il.
1431 2149 1487 2188 34)
1506 2149 1618 2188 speaks
1633 2149 1669 2179 of
1679 2160 1698 2179 a
1713 2150 1789 2180 debt
1805 2150 1866 2180 due
1881 2160 1924 2181 on

1145 2192 1200 2221 the
1218 2192 1293 2222 Idus
1309 2192 1369 2221 and
1388 2192 1519 2231 payable
1535 2203 1577 2222 on
1600 2193 1655 2222 the
1676 2193 1835 2233 following
1857 2194 1923 2224 Ka-

1146 2235 1265 2265 lendae.
1313 2235 1422 2265 Cicero
1445 2236 1562 2275 merely
1583 2246 1691 2266 means
1712 2237 1782 2266 that
1804 2238 1851 2266 his
1875 2237 1924 2266 in-

1147 2278 1292 2317 solvency
1309 2279 1370 2307 will
1387 2288 1465 2308 soon
1482 2279 1520 2308 be
1536 2279 1708 2308 notorious.
1755 2280 1815 2309 His
1831 2280 1923 2310 debts

1146 2331 1226 2350 were
1263 2321 1311 2350 his
1346 2324 1354 2337 ‘
1368 2321 1773 2352 domestica—difficultas.'
1832 2323 1923 2353 Else-

1146 2363 1249 2393 where
1266 2364 1305 2393 he
1326 2364 1382 2393 has
1403 2364 1458 2394 the
1474 2365 1656 2403 expression
1674 2368 1681 2381 ‘
1693 2366 1862 2395 difficultas
1878 2366 1924 2396 rei

1146 2406 1362 2436 nummariae.'
1410 2407 1447 2436 In
1471 2408 1525 2437 the
1544 2408 1666 2437 oration
1689 2408 1748 2438 Pro
1770 2408 1805 2438 C.
1826 2409 1922 2438 Rabi-

1145 2450 1201 2485 rio,
1219 2460 1244 2479 c.
1263 2452 1282 2479 8
1300 2449 1387 2488 (Vol.
1406 2449 1478 2490 IL).
1497 2450 1535 2479 he
1552 2451 1663 2489 speaks
1679 2451 1714 2480 of
1733 2451 1924 2482 ‘domestica

1144 2493 1274 2522 vulnera
1286 2492 1293 2505 '
1311 2493 1342 2522 in
1360 2493 1413 2522 the
1430 2503 1515 2522 same
1531 2503 1631 2523 sense.

1187 2545 1341 2565 mammam
1367 2546 1432 2565 rem
1452 2536 1633 2575 publicam]

1146 2578 1205 2607 Pro
1224 2580 1308 2607 Sext.
1330 2579 1422 2607 Rosc.
1440 2579 1559 2612 Amer..
1577 2589 1603 2608 c.
1622 2580 1673 2609 51.

1189 2622 1311 2659 Lepido
1329 2625 1358 2651 el
1380 2622 1488 2661 Tullo]
1526 2622 1614 2661 They
1630 2632 1710 2652 were
1726 2623 1781 2652 the
1797 2623 1922 2654 consuls

1144 2664 1179 2693 of
1204 2673 1262 2693 13.c.
1289 2665 1340 2693 615.
1386 2664 1455 2693 The
1482 2665 1608 2694 consuls
1630 2665 1665 2694 of
1689 2675 1752 2695 n.c.
1776 2667 1816 2695 65
1842 2676 1922 2696 were

1146 2707 1182 2736 L.
1202 2707 1347 2736 Aurelius
1365 2706 1459 2736 Cotta
1480 2708 1541 2736 and
1566 2708 1602 2737 L.
1622 2708 1760 2738 Manlius
1777 2709 1920 2748 Torqua-

1144 2754 1206 2783 tus,
1221 2750 1322 2778 whom
1338 2750 1473 2779 Catilina
1483 2750 1507 2779 is
1521 2750 1654 2789 charged
1668 2751 1741 2780 with
1757 2752 1922 2791 designing

1145 2797 1177 2821 to
1196 2792 1321 2821 murder
1337 2792 1501 2832 (Introd.).
1536 2793 1604 2824 The
1621 2795 1792 2824 Comitium
1810 2805 1872 2825 was
1887 2795 1921 2824 in

1144 2835 1198 2865 the
1217 2835 1332 2865 Forum
1351 2835 1539 2865 Romanum.

1684 2536 1742 2566 See
1766 2537 1837 2567 Vol.
1862 2537 1921 2574 IL,
