2002 3235
807 200 942 242 CAP.
975 203 1042 251 29,
1067 204 1136 243 30.
1691 204 1776 247 517

170 315 343 367 veniret,
367 330 434 357 me
467 320 609 357 tamen
638 314 796 356 socium
823 329 994 356 suorum
1015 314 1057 355 in
1078 329 1122 355 re
1143 314 1309 370 publica
1341 315 1608 357 consiliorum
1633 317 1774 359 videre

167 386 323 436 posset,
348 381 383 422 is
404 396 539 437 aequo
560 381 700 422 animo
731 385 836 430 tum,
860 395 926 420 me
951 380 1126 435 expulso
1147 385 1192 421 et
1214 395 1306 421 meo
1338 380 1505 422 nomine
1531 396 1656 436 quum
1685 383 1774 423 uni-

166 461 287 487 verso
329 452 491 495 senatu,
527 452 618 488 tum
658 445 870 487 sententia
906 460 981 486 sua
1017 446 1311 494 condemnata,
1350 446 1392 486 in
1429 446 1506 487 hac
1542 447 1645 486 urbe
1681 462 1773 488 esse

165 513 336 566 posset?
398 511 474 552 Ille
497 526 592 552 vero
626 511 761 552 eidem
795 511 972 565 tempori
1004 511 1069 551 cui
1101 525 1190 560 nos,
1215 511 1403 565 ejusdem
1425 511 1554 551 furori
1577 516 1619 551 et
1642 512 1773 553 isdem

167 576 418 627 consulibus,
461 577 593 617 isdem
633 576 767 626 minis,
812 576 985 624 insidiis,
1028 576 1223 630 periculis
1270 576 1409 617 cessit.
1474 576 1656 617 Luctum
1696 591 1773 617 nos

166 641 382 682 hausimus
402 642 620 696 majorem,
643 642 830 683 dolorem
852 641 918 682 ille
940 641 1065 681 animi
1088 656 1170 681 non
1192 641 1408 682 minorem.

227 706 392 748 XXX.
428 707 510 747 His
531 707 583 747 de
605 711 670 747 tot
702 706 917 762 tantisque
948 706 1111 760 injuriis
1142 707 1183 746 in
1215 707 1363 755 socios,
1388 706 1429 746 in
1455 721 1588 762 reges,
1612 707 1654 747 in
1676 707 1772 747 civi-

165 775 279 812 tates
310 772 462 813 liberas
498 772 714 812 consulum
751 772 917 826 querela
950 786 1042 812 esse
1076 771 1245 813 debuit:
1292 772 1334 811 in
1367 772 1457 826 ejus
1496 772 1772 827 magistratus

165 837 301 878 tutela
329 852 451 892 reges
479 842 606 892 atque
638 842 808 878 exterae
840 837 1031 877 nationes
1062 851 1228 891 semper
1248 837 1431 878 fuerunt.
1496 837 1667 892 Ecquae
1689 851 1771 878 vox

166 917 363 957 umquam
392 908 457 944 est
488 902 633 943 audita
663 902 907 942 consulum?
939 916 1190 956 quamquam
1220 902 1312 956 quis
1333 902 1509 951 audiret,
1533 903 1567 943 si
1589 902 1771 943 maxime

166 966 281 1022 queri
304 967 481 1008 vellent?
543 967 609 1007 De
633 966 785 1022 Cyprio
817 981 915 1021 rege
950 967 1251 1021 quererentur?
1291 967 1360 1021 qui
1392 982 1458 1007 me
1491 968 1624 1008 civem
1656 967 1770 1007 nullo

164 1046 257 1073 meo
292 1032 476 1083 crimine⁷
507 1032 668 1088 patriae
704 1031 870 1072 nomine
904 1031 1166 1072 laborantem
1200 1046 1283 1072 non
1312 1033 1436 1073 modo
1470 1037 1655 1073 stantem
1686 1046 1770 1072 non

164 1097 452 1147 defenderunt,
490 1098 564 1138 sed
597 1112 648 1138 ne
672 1097 885 1151 jacentem
919 1096 1087 1151 quidem
1120 1102 1410 1152 protexerunt.
1473 1097 1702 1147 Cesseram,
1735 1097 1770 1137 si

163 1160 340 1203 alienam
361 1177 386 1202 a
406 1177 472 1203 me
494 1163 655 1217 plebem
687 1162 814 1202 fuisse
836 1162 974 1212 vultis,
1000 1176 1107 1216 quae
1139 1177 1222 1203 non
1244 1162 1335 1212 fuit,
1360 1163 1566 1211 invidiae;
1601 1163 1635 1203 si
1659 1177 1769 1204 com-

164 1228 319 1268 moveri
357 1229 494 1269 omnia
525 1228 784 1279 videbantur,
823 1227 1031 1283 tempori3
1067 1228 1101 1268 si
1130 1228 1192 1268 vis
1225 1229 1409 1277 suberat,
1445 1229 1596 1277 armis3
1633 1229 1668 1269 si
1704 1243 1769 1268 so-

163 1293 295 1334 cietas
330 1293 668 1348 magistratuum,
706 1293 920 1348 pactioni;
955 1293 990 1333 si
1023 1293 1252 1346 periculum
1280 1293 1443 1343 civium,
1471 1294 1530 1334 rei
1563 1293 1767 1349 publicae.

165 1357 263 1407 Cur,
297 1373 424 1413 quum
459 1358 510 1399 de
551 1358 687 1413 capite
722 1358 969 1399 civis—non
1000 1358 1170 1413 disputo
1205 1359 1441 1413 cujusmodi
1475 1360 1680 1401 civis—et
1716 1359 1768 1400 de

162 1423 284 1463 bonis
319 1424 574 1478 proscriptio
607 1424 801 1473 ferretur,
827 1439 954 1479 quum
987 1428 1029 1464 et
1061 1424 1240 1465 sacratis
1270 1424 1431 1479 legibus
1467 1430 1510 1466 et
1546 1414 1776 1465 duodecimv

162 1488 318 1529 tabulis
349 1496 544 1529 sanctum
566 1494 691 1538 esset,
715 1494 764 1530 ut
785 1504 886 1529 neve
914 1488 1175 1543 privilegium
1209 1489 1386 1544 irrogari
1418 1489 1562 1531 liceret
1583 1505 1687 1531 neve
1716 1491 1768 1531 de

163 1554 301 1609 capite
322 1553 401 1594 nisi
424 1553 607 1595 comitiis
629 1554 876 1596 centuriatis
892 1553 1043 1608 rogari,
1062 1553 1173 1594 nulla
1187 1569 1269 1594 vox
1291 1560 1358 1596 est
1374 1555 1517 1595 audita
1538 1555 1765 1604 consulum,

161 1620 527 1674 constitutumque
558 1625 624 1661 est
646 1619 714 1660 illo
735 1634 860 1669 anno,
885 1624 1089 1674 quantum
1111 1619 1152 1659 in
1174 1619 1253 1660 illis
1275 1620 1438 1661 duabus
1459 1621 1582 1676 hujus
1607 1621 1768 1676 imperii

160 1685 351 1740 pestibus
392 1685 484 1733 fuit,
523 1685 619 1739 ju‘re
660 1699 784 1739 posse
825 1699 901 1740 per
941 1699 1091 1739 operas
1131 1685 1367 1726 concitatas
1407 1686 1593 1740 quemvis
1634 1687 1768 1727 civem

159 1750 408 1791 nominatim
445 1750 603 1791 tribuni
646 1750 780 1805 plebis
821 1750 995 1791 concilio
1033 1765 1085 1791 ex
1121 1750 1294 1792 civitate
1331 1752 1576 1792 exturbari?
1649 1752 1767 1804 Quae

159 1831 257 1858 vero
280 1816 544 1871 promulgata-
565 1816 634 1856 illo
668 1831 777 1856 anno
799 1816 967 1866 fuerint,
993 1830 1098 1872 quae
1131 1817 1336 1872 promissa
1358 1817 1511 1865 multis,
1537 1832 1641 1872 quae
1671 1833 1767 1858 con-

159 1882 331 1937 scripta,
356 1897 462 1937 quae
489 1887 673 1937 sperata,
698 1896 803 1937 quae
827 1881 1027 1936 cogitata,
1052 1882 1152 1936 quid
1181 1882 1342 1923 dicam?
1405 1882 1483 1935 Qui
1516 1882 1633 1923 locus
1654 1883 1767 1923 orbis

158 1947 394 2001 terraejam
417 1962 499 1987 non
521 1951 613 1988 erat
634 1947 757 1989 alicui
775 1947 1043 1987 destinatus?
1076 1947 1198 2001 cujus
1219 1946 1377 2002 negotii
1398 1947 1549 2002 publici
1573 1947 1763 2001 cogitari,

158 2012 308 2068 optari,
345 2012 448 2067 fingi
485 2012 647 2053 curatio
687 2012 842 2067 potuit,
878 2027 984 2067 qua-e
1017 2027 1101 2053 non
1137 2017 1250 2055 esset
1285 2013 1495 2054 attributa
1525 2017 1654 2069 atque
1683 2013 1764 2054 dis-

201 2161 253 2190 30.
272 2161 406 2199 patriae
421 2161 547 2190 nomine
563 2160 777 2199 laborantem]
807 2164 813 2177 ‘
830 2161 940 2200 Strug-

157 2203 244 2242 gling
261 2203 335 2232 with
352 2203 470 2242 danger
487 2204 533 2232 for
550 2213 602 2242 my
618 2202 779 2241 country’s
792 2203 940 2233 cause’—

157 2246 206 2276 for
222 2246 306 2276 what
321 2246 361 2276 he
378 2247 439 2275 had
450 2246 542 2276 done.
566 2246 636 2275 The
652 2249 659 2262 ⁴
672 2246 809 2284 pactioni
822 2245 829 2258 ’
846 2247 871 2275 is
885 2247 939 2276 the

158 2289 288 2327 bargain
317 2289 458 2319 between
484 2289 613 2319 Clodius
640 2289 702 2318 and
732 2289 787 2318 the
810 2290 937 2319 consuls

159 2332 314 2363 Gabinius
340 2333 402 2362 and
420 2333 500 2362 Piso.
547 2333 616 2362 The
641 2332 787 2371 pointing
802 2342 864 2361 was
892 2333 937 2362 ‘si

156 2376 299 2410 societas,
315 2376 554 2414 magistratuum
567 2375 703 2413 pactioni
720 2374 738 2413 ;’
764 2375 821 2404 but
839 2375 934 2405 Halm

158 2417 219 2458 (2),
248 2419 408 2457 following
435 2418 471 2448 C.
496 2419 530 2448 F.
561 2418 736 2453 Hermann,
755 2417 812 2447 has
837 2418 863 2447 it
889 2419 935 2447 ‘si

156 2462 287 2492 societas
303 2462 558 2501 magistratuum,
576 2461 737 2501 pactioni.y

194 2505 418 2544 privile-qiam]
447 2505 496 2534 De
514 2505 628 2540 Domo,
640 2514 665 2533 c.
682 2505 729 2540 17,
747 2503 808 2533 and
826 2504 934 2536 Quum

155 2546 297 2583 Senatui,
323 2558 349 2577 c.
381 2549 429 2583 ll,
446 2548 508 2577 and
532 2548 587 2577 the
610 2550 766 2577 notes—⁶
784 2546 932 2576 concilio’

155 2589 189 2619 P.
218 2591 277 2620 G.:
309 2591 363 2620 the
384 2600 530 2620 common
557 2591 686 2629 reading
709 2591 735 2620 is
761 2590 934 2619 ‘consilia’

155 2636 161 2649 ‘
175 2632 350 2662 Concilium
364 2633 372 2646 '
391 2634 417 2662 is
433 2644 451 2663 a
467 2634 605 2673 meeting
620 2634 655 2663 of
674 2634 729 2663 the
745 2633 857 2673 people
871 2645 877 2668 ;
901 2643 934 2662 as

152 2675 185 2704 in
212 2676 267 2705 the
294 2676 333 2705 In
350 2676 456 2706 Vatin.
482 2687 507 2706 c.
526 2678 566 2706 6:
594 2680 700 2706 “num
726 2676 852 2716 quando
876 2676 934 2705 tibi

153 2728 273 2748 moram
289 2719 442 2755 attulerit,
459 2720 628 2758 quominus
645 2720 812 2750 concilium
836 2719 933 2748 advo-

151 2771 237 2790 cares
253 2762 418 2801 legemque
441 2762 547 2796 ferres,
565 2763 648 2802 quod
666 2772 702 2792 eo
718 2763 768 2792 die
784 2762 877 2792 scires
893 2762 932 2792 de

151 2805 236 2833 caelo
261 2814 329 2833 esse
355 2804 550 2834 servatum.”
595 2806 698 2835 There
724 2806 750 2835 is
780 2805 846 2834 also
877 2806 931 2835 the

151 2857 283 2886 passage
306 2847 338 2876 in
364 2847 483 2877 Gellius
510 2847 574 2881 (xv.
598 2849 653 2886 27)
671 2849 774 2878 where
790 2859 836 2878 we
852 2848 931 2878 have

150 2890 206 2919 the
221 2890 384 2919 definition
401 2890 436 2919 of
450 2890 574 2920 Laelius
592 2890 678 2920 Felix
694 2903 700 2920 τ
726 2892 783 2921 “is
800 2892 853 2930 qui
866 2901 931 2921 non

151 2933 335 2963 universum
362 2933 528 2973 populum,
559 2933 614 2974 sed
644 2937 765 2974 partem
793 2934 931 2975 aliquam

985 2161 1095 2191 adesse
1122 2161 1223 2200 jubet,
1251 2171 1316 2191 non
1341 2161 1477 2196 comitia,
1509 2160 1563 2190 sed
1595 2161 1763 2191 concilium

984 2204 1105 2233 edicere
1118 2203 1245 2242 jubet.”

1027 2248 1113 2276 orbis
1130 2246 1252 2285 terrae]
1272 2246 1360 2275 ‘orbi
1375 2250 1476 2275 terrae
1491 2245 1498 2259 ’
1526 2246 1559 2276 P.
1577 2247 1639 2276 aud
1665 2247 1762 2277 Halm

984 2288 1032 2329 (2)
1049 2299 1089 2318 on
1107 2289 1162 2318 the
1177 2289 1465 2318 recommendation
1482 2289 1517 2318 of
1531 2290 1637 2319 Klotz.

1025 2332 1168 2371 curatio]
1207 2332 1341 2370 Hervag.
1368 2332 1506 2370 Nauger.
1536 2333 1760 2371 ‘procuratio‚’

981 2384 1022 2403 on
1038 2375 1140 2404 which
1168 2375 1268 2404 Orelli
1294 2375 1444 2411 remarks,
1470 2375 1540 2404 that
1566 2376 1599 2405 in
1621 2376 1760 2406 Cicero’s

980 2418 1057 2447 time
1088 2417 1307 2457 ‘procuratio’
1333 2428 1396 2447 was
1422 2428 1440 2447 a
1467 2418 1552 2448 word
1579 2429 1666 2448 more
1697 2419 1759 2448 fre-

979 2460 1109 2500 quently
1125 2461 1250 2500 applied
1262 2464 1295 2489 to
1312 2465 1442 2490 matters
1458 2461 1528 2490 that
1544 2472 1678 2491 concern
1695 2463 1758 2501 pri-

977 2507 1049 2533 vate
1066 2513 1206 2542 persons,
1228 2503 1289 2532 and
1305 2504 1376 2533 that
1399 2504 1453 2533 the
1475 2505 1759 2543 superintendence

978 2546 1013 2576 of
1033 2546 1141 2586 public
1162 2550 1304 2581 matters,
1321 2557 1354 2576 as
1375 2546 1544 2586 buildings,
1567 2548 1668 2582 roads,
1695 2548 1757 2576 and

979 2589 1033 2619 the
1056 2589 1128 2625 like,
1155 2600 1217 2619 was
1236 2589 1334 2618 called
1363 2593 1370 2606 ⁴
1385 2589 1527 2619 curatio)
1574 2590 1637 2619 Yet
1661 2591 1754 2619 Halm

978 2633 1119 2662 remarks
1146 2632 1216 2661 that.
1238 2632 1262 2660 it
1284 2632 1339 2661 has
1363 2631 1442 2661 been
1469 2633 1586 2671 proved
1611 2633 1652 2671 by
1676 2634 1757 2661 clear

979 2675 1125 2705 evidence
1141 2676 1210 2704 that.
1227 2675 1336 2704 Cicero
1359 2685 1430 2704 uses
1454 2679 1460 2691 ‘
1476 2674 1672 2714 procuratio’
1689 2675 1755 2704 also

978 2719 1010 2747 in
1031 2719 1094 2747 this
1115 2719 1175 2747 last
1192 2727 1291 2747 sense.
1338 2718 1441 2747 There
1457 2718 1482 2746 is
1499 2728 1538 2746 an
1555 2718 1698 2756 example
1722 2719 1754 2748 in

976 2761 1031 2791 the
1045 2762 1093 2790 De
1108 2761 1246 2799 Harusp.
1261 2770 1286 2790 e.
1299 2762 1357 2790 20:
1386 2760 1623 2789 “frumentaria
1641 2770 1752 2799 procu-

976 2805 1098 2834 ratione
1110 2804 1141 2840 ;''
1166 2804 1228 2833 and
1244 2804 1275 2832 in
1293 2813 1319 2832 c.
1341 2804 1377 2833 14
1391 2803 1445 2832 the
1461 2813 1547 2832 same
1562 2804 1667 2832 writer
1681 2814 1754 2833 uses

977 2851 984 2864 ‘
997 2847 1139 2877 curatio!

1019 2891 1176 2929 discripta
1189 2889 1221 2928 ι’]
1251 2889 1296 2924 P„
1313 2889 1481 2928 ‘descripta
1493 2888 1500 2901 ’
1515 2888 1553 2918 G.
1587 2888 1682 2918 Halm
1697 2889 1753 2919 has

978 2933 1174 2974 ‘descripta’
1207 2933 1240 2964 in
1266 2931 1335 2973 (l):
1371 2932 1428 2963 but
1454 2932 1486 2963 in
1512 2931 1560 2973 (2)
1589 2932 1628 2964 he
1649 2933 1753 2964 writes
