<?xml version="1.0" encoding="UTF-8"?>
<!DOCTYPE html PUBLIC "-//W3C//DTD XHTML 1.0 Transitional//EN"
    "http://www.w3.org/TR/xhtml1/DTD/xhtml1-transitional.dtd">
<html xmlns="http://www.w3.org/1999/xhtml" xml:lang="en" lang="en">
 <head>
  <title>
</title>
<meta http-equiv="Content-Type" content="text/html;charset=utf-8" />
  <meta name='ocr-system' content='tesseract 3.04.00' />
  <meta name='ocr-capabilities' content='ocr_page ocr_carea ocr_par ocr_line ocrx_word'/>
</head>
<body>
  <div class='ocr_page' id='page_1' title='image "./orationeswithcom03ciceuoft_0533.png"; bbox 0 0 2002 3235; ppageno 0'>
   <div class='ocr_carea' id='block_1_1' title="bbox 0 739 37 2453">
    <p class='ocr_par' dir='ltr' id='par_1_1' title="bbox 0 739 37 2453">
     <span class='ocr_line' id='line_1_1' title="bbox 0 739 37 2453; baseline 0 0"><span class='ocrx_word' id='word_1_1' title='bbox 0 739 37 2453; x_wconf 95' lang='lat' dir='ltr'> </span> 
     </span>
    </p>
   </div>
   <div class='ocr_carea' id='block_1_2' title="bbox 807 168 1783 218">
    <p class='ocr_par' dir='ltr' id='par_1_2' title="bbox 807 168 1783 218">
     <span class='ocr_line' id='line_1_2' title="bbox 807 168 1783 218; baseline 0.006 -7"><span class='ocrx_word' id='word_1_2' title='bbox 807 168 943 211; x_wconf 78' lang='lat' dir='ltr'>CAP.</span> <span class='ocrx_word' id='word_1_3' title='bbox 968 170 1152 211; x_wconf 81' lang='lat'>30—32.</span> <span class='ocrx_word' id='word_1_4' title='bbox 1701 177 1783 218; x_wconf 84' lang='lat'>519</span> 
     </span>
    </p>
   </div>
   <div class='ocr_carea' id='block_1_3' title="bbox 164 282 1782 1783">
    <p class='ocr_par' dir='ltr' id='par_1_3' title="bbox 164 282 1782 1783">
     <span class='ocr_line' id='line_1_3' title="bbox 175 282 1782 341; baseline 0.002 -14"><span class='ocrx_word' id='word_1_5' title='bbox 175 285 245 341; x_wconf 85' lang='lat' dir='ltr'>qui</span> <span class='ocrx_word' id='word_1_6' title='bbox 294 283 644 327; x_wconf 88' lang='lat' dir='ltr'>sceleratissimos</span> <span class='ocrx_word' id='word_1_7' title='bbox 691 283 814 335; x_wconf 90' lang='lat' dir='ltr'>cives,</span> <span class='ocrx_word' id='word_1_8' title='bbox 865 283 936 339; x_wconf 86' lang='lat' dir='ltr'>qui</span> <span class='ocrx_word' id='word_1_9' title='bbox 987 282 1213 324; x_wconf 88' lang='lat' dir='ltr'>acerrimos</span> <span class='ocrx_word' id='word_1_10' title='bbox 1260 282 1419 334; x_wconf 88' lang='lat' dir='ltr'>hostes,</span> <span class='ocrx_word' id='word_1_11' title='bbox 1462 285 1532 340; x_wconf 91' lang='lat' dir='ltr'>qui</span> <span class='ocrx_word' id='word_1_12' title='bbox 1577 287 1782 330; x_wconf 86' lang='lat' dir='ltr'>maximas</span> 
     </span>
     <span class='ocr_line' id='line_1_4' title="bbox 174 348 1781 406; baseline 0.001 -15"><span class='ocrx_word' id='word_1_13' title='bbox 174 350 379 400; x_wconf 86' lang='lat' dir='ltr'>nationes,</span> <span class='ocrx_word' id='word_1_14' title='bbox 402 350 472 406; x_wconf 90' lang='lat' dir='ltr'>qui</span> <span class='ocrx_word' id='word_1_15' title='bbox 493 365 627 405; x_wconf 87' lang='lat' dir='ltr'>reges,</span> <span class='ocrx_word' id='word_1_16' title='bbox 652 349 723 406; x_wconf 93' lang='lat' dir='ltr'>qui</span> <span class='ocrx_word' id='word_1_17' title='bbox 742 354 894 405; x_wconf 93' lang='lat' dir='ltr'>gentes</span> <span class='ocrx_word' id='word_1_18' title='bbox 910 349 1022 390; x_wconf 89' lang='lat' dir='ltr'>feras</span> <span class='ocrx_word' id='word_1_19' title='bbox 1037 353 1166 404; x_wconf 91' lang='lat' dir='ltr'>atque</span> <span class='ocrx_word' id='word_1_20' title='bbox 1187 348 1410 399; x_wconf 88' lang='lat' dir='ltr'>inauditas,</span> <span class='ocrx_word' id='word_1_21' title='bbox 1434 350 1504 405; x_wconf 90' lang='lat' dir='ltr'>qui</span> <span class='ocrx_word' id='word_1_22' title='bbox 1525 351 1781 404; x_wconf 87' lang='lat' dir='ltr'>praedonum</span> 
     </span>
     <span class='ocr_line' id='line_1_5' title="bbox 172 413 1779 472; baseline 0.001 -16"><span class='ocrx_word' id='word_1_23' title='bbox 172 416 380 457; x_wconf 88' lang='lat' dir='ltr'>infinitam</span> <span class='ocrx_word' id='word_1_24' title='bbox 412 431 594 467; x_wconf 90' lang='lat' dir='ltr'>manum,</span> <span class='ocrx_word' id='word_1_25' title='bbox 619 415 689 472; x_wconf 91' lang='lat' dir='ltr'>qui</span> <span class='ocrx_word' id='word_1_26' title='bbox 717 415 846 457; x_wconf 90' lang='lat' dir='ltr'>etiam</span> <span class='ocrx_word' id='word_1_27' title='bbox 867 414 1038 456; x_wconf 87' lang='lat' dir='ltr'>servitia</span> <span class='ocrx_word' id='word_1_28' title='bbox 1058 413 1216 455; x_wconf 89' lang='lat' dir='ltr'>virtute</span> <span class='ocrx_word' id='word_1_29' title='bbox 1243 414 1502 470; x_wconf 90' lang='lat' dir='ltr'>victoriaque</span> <span class='ocrx_word' id='word_1_30' title='bbox 1535 415 1779 467; x_wconf 73' lang='lat' dir='ltr'>domuisset,</span> 
     </span>
     <span class='ocr_line' id='line_1_6' title="bbox 173 479 1779 537; baseline 0 -16"><span class='ocrx_word' id='word_1_31' title='bbox 173 481 243 537; x_wconf 89' lang='lat' dir='ltr'>qui</span> <span class='ocrx_word' id='word_1_32' title='bbox 265 481 457 522; x_wconf 89' lang='lat' dir='ltr'>omnibus</span> <span class='ocrx_word' id='word_1_33' title='bbox 478 481 597 522; x_wconf 90' lang='lat' dir='ltr'>bellis</span> <span class='ocrx_word' id='word_1_34' title='bbox 626 486 741 523; x_wconf 88' lang='lat' dir='ltr'>terra</span> <span class='ocrx_word' id='word_1_35' title='bbox 771 480 959 535; x_wconf 88' lang='lat' dir='ltr'>marique</span> <span class='ocrx_word' id='word_1_36' title='bbox 991 479 1241 534; x_wconf 81' lang='lat' dir='ltr'>compressis</span> <span class='ocrx_word' id='word_1_37' title='bbox 1271 479 1490 536; x_wconf 89' lang='lat' dir='ltr'>imperium</span> <span class='ocrx_word' id='word_1_38' title='bbox 1522 481 1663 535; x_wconf 87' lang='lat' dir='ltr'>populi</span> <span class='ocrx_word' id='word_1_39' title='bbox 1696 481 1779 522; x_wconf 88' lang='lat' dir='ltr'>Ro-</span> 
     </span>
     <span class='ocr_line' id='line_1_7' title="bbox 172 544 1778 599; baseline -0.001 -11"><span class='ocrx_word' id='word_1_40' title='bbox 172 547 283 588; x_wconf 88' lang='lat' dir='ltr'>mani</span> <span class='ocrx_word' id='word_1_41' title='bbox 301 546 414 588; x_wconf 90' lang='lat' dir='ltr'>orbis</span> <span class='ocrx_word' id='word_1_42' title='bbox 434 551 643 588; x_wconf 84' lang='lat' dir='ltr'>terrarum</span> <span class='ocrx_word' id='word_1_43' title='bbox 664 546 855 587; x_wconf 90' lang='lat' dir='ltr'>terminis</span> <span class='ocrx_word' id='word_1_44' title='bbox 877 544 1107 593; x_wconf 89' lang='lat' dir='ltr'>definisset,</span> <span class='ocrx_word' id='word_1_45' title='bbox 1131 560 1219 586; x_wconf 92' lang='lat' dir='ltr'>rem</span> <span class='ocrx_word' id='word_1_46' title='bbox 1240 545 1449 599; x_wconf 83' lang='lat' dir='ltr'>publicam</span> <span class='ocrx_word' id='word_1_47' title='bbox 1471 545 1601 587; x_wconf 88' lang='lat' dir='ltr'>everti</span> <span class='ocrx_word' id='word_1_48' title='bbox 1623 545 1778 587; x_wconf 88' lang='lat' dir='ltr'>scelere</span> 
     </span>
     <span class='ocr_line' id='line_1_8' title="bbox 171 610 1778 668; baseline -0.001 -15"><span class='ocrx_word' id='word_1_49' title='bbox 171 627 411 668; x_wconf 89' lang='lat' dir='ltr'>paucorum,</span> <span class='ocrx_word' id='word_1_50' title='bbox 436 627 562 668; x_wconf 88' lang='lat' dir='ltr'>quam</span> <span class='ocrx_word' id='word_1_51' title='bbox 596 613 686 668; x_wconf 87' lang='lat' dir='ltr'>ipse</span> <span class='ocrx_word' id='word_1_52' title='bbox 712 627 795 653; x_wconf 91' lang='lat' dir='ltr'>non</span> <span class='ocrx_word' id='word_1_53' title='bbox 827 611 963 653; x_wconf 90' lang='lat' dir='ltr'>solum</span> <span class='ocrx_word' id='word_1_54' title='bbox 994 610 1189 660; x_wconf 84' lang='lat' dir='ltr'>consiliis,</span> <span class='ocrx_word' id='word_1_55' title='bbox 1220 611 1295 651; x_wconf 91' lang='lat' dir='ltr'>sed</span> <span class='ocrx_word' id='word_1_56' title='bbox 1323 611 1451 653; x_wconf 86' lang='lat' dir='ltr'>etiam</span> <span class='ocrx_word' id='word_1_57' title='bbox 1473 611 1676 666; x_wconf 88' lang='lat' dir='ltr'>sanguine</span> <span class='ocrx_word' id='word_1_58' title='bbox 1702 626 1778 652; x_wconf 88' lang='lat' dir='ltr'>suo</span> 
     </span>
     <span class='ocr_line' id='line_1_9' title="bbox 170 675 1778 733; baseline 0 -15"><span class='ocrx_word' id='word_1_59' title='bbox 170 692 297 733; x_wconf 82' lang='lat' dir='ltr'>saepe</span> <span class='ocrx_word' id='word_1_60' title='bbox 318 683 529 719; x_wconf 87' lang='lat' dir='ltr'>servasset</span> <span class='ocrx_word' id='word_1_61' title='bbox 548 693 557 718; x_wconf 88' lang='lat'>:</span> <span class='ocrx_word' id='word_1_62' title='bbox 591 677 770 719; x_wconf 89' lang='lat' dir='ltr'>accessit</span> <span class='ocrx_word' id='word_1_63' title='bbox 791 678 846 718; x_wconf 87' lang='lat' dir='ltr'>ad</span> <span class='ocrx_word' id='word_1_64' title='bbox 868 691 1061 718; x_wconf 80' lang='lat' dir='ltr'>caussam</span> <span class='ocrx_word' id='word_1_65' title='bbox 1074 675 1308 731; x_wconf 61' lang='lat' dir='ltr'>publicam</span> <span class='ocrx_word' id='word_1_66' title='bbox 1344 677 1504 718; x_wconf 73' lang='lat' dir='ltr'>restitit</span> <span class='ocrx_word' id='word_1_67' title='bbox 1520 677 1778 719; x_wconf 87' lang='lat' dir='ltr'>auctoritate</span> 
     </span>
     <span class='ocr_line' id='line_1_10' title="bbox 171 741 1778 799; baseline -0.001 -16"><span class='ocrx_word' id='word_1_68' title='bbox 171 758 248 784; x_wconf 91' lang='lat' dir='ltr'>sua</span> <span class='ocrx_word' id='word_1_69' title='bbox 268 743 437 799; x_wconf 89' lang='lat' dir='ltr'>reliquis</span> <span class='ocrx_word' id='word_1_70' title='bbox 458 744 595 795; x_wconf 89' lang='lat' dir='ltr'>rebus,</span> <span class='ocrx_word' id='word_1_71' title='bbox 627 748 803 799; x_wconf 89' lang='lat' dir='ltr'>questus</span> <span class='ocrx_word' id='word_1_72' title='bbox 829 747 896 784; x_wconf 84' lang='lat' dir='ltr'>est</span> <span class='ocrx_word' id='word_1_73' title='bbox 930 743 982 784; x_wconf 88' lang='lat' dir='ltr'>de</span> <span class='ocrx_word' id='word_1_74' title='bbox 1019 741 1270 798; x_wconf 84' lang='lat' dir='ltr'>praeteritis.</span> <span class='ocrx_word' id='word_1_75' title='bbox 1336 742 1450 783; x_wconf 84' lang='lat' dir='ltr'>Fieri</span> <span class='ocrx_word' id='word_1_76' title='bbox 1483 742 1689 798; x_wconf 84' lang='lat' dir='ltr'>quaedam</span> <span class='ocrx_word' id='word_1_77' title='bbox 1723 743 1778 783; x_wconf 88' lang='lat' dir='ltr'>ad</span> 
     </span>
     <span class='ocr_line' id='line_1_11' title="bbox 170 807 1779 864; baseline 0.001 -16"><span class='ocrx_word' id='word_1_78' title='bbox 170 809 385 850; x_wconf 87' lang='lat' dir='ltr'>meliorem</span> <span class='ocrx_word' id='word_1_79' title='bbox 420 824 538 864; x_wconf 88' lang='lat' dir='ltr'>spem</span> <span class='ocrx_word' id='word_1_80' title='bbox 571 809 787 851; x_wconf 77' lang='lat' dir='ltr'>inclinatio</span> <span class='ocrx_word' id='word_1_81' title='bbox 809 809 897 850; x_wconf 88' lang='lat' dir='ltr'>visa</span> <span class='ocrx_word' id='word_1_82' title='bbox 933 813 1011 850; x_wconf 90' lang='lat' dir='ltr'>est.</span> <span class='ocrx_word' id='word_1_83' title='bbox 1075 807 1275 849; x_wconf 85' lang='lat' dir='ltr'>Decrevit</span> <span class='ocrx_word' id='word_1_84' title='bbox 1296 813 1470 849; x_wconf 89' lang='lat' dir='ltr'>senatus</span> <span class='ocrx_word' id='word_1_85' title='bbox 1502 809 1699 863; x_wconf 85' lang='lat' dir='ltr'>frequens</span> <span class='ocrx_word' id='word_1_86' title='bbox 1727 809 1779 849; x_wconf 90' lang='lat' dir='ltr'>de</span> 
     </span>
     <span class='ocr_line' id='line_1_12' title="bbox 170 874 1775 926; baseline 0.001 -12"><span class='ocrx_word' id='word_1_87' title='bbox 170 889 263 915; x_wconf 90' lang='lat' dir='ltr'>meo</span> <span class='ocrx_word' id='word_1_88' title='bbox 286 875 425 917; x_wconf 88' lang='lat' dir='ltr'>reditu</span> <span class='ocrx_word' id='word_1_89' title='bbox 449 876 652 916; x_wconf 83' lang='lat' dir='ltr'>Kalendis</span> <span class='ocrx_word' id='word_1_90' title='bbox 681 875 834 926; x_wconf 82' lang='lat' dir='ltr'>Juniis,</span> <span class='ocrx_word' id='word_1_91' title='bbox 860 874 1135 916; x_wconf 88' lang='lat' dir='ltr'>dissentiente</span> <span class='ocrx_word' id='word_1_92' title='bbox 1156 874 1280 925; x_wconf 92' lang='lat' dir='ltr'>nullo,</span> <span class='ocrx_word' id='word_1_93' title='bbox 1304 874 1512 916; x_wconf 85' lang='lat' dir='ltr'>referente</span> <span class='ocrx_word' id='word_1_94' title='bbox 1538 874 1585 916; x_wconf 89' lang='lat' dir='ltr'>L.</span> <span class='ocrx_word' id='word_1_95' title='bbox 1606 874 1775 925; x_wconf 92' lang='lat' dir='ltr'>Ninnio,</span> 
     </span>
     <span class='ocr_line' id='line_1_13' title="bbox 170 939 1778 995; baseline 0 -15"><span class='ocrx_word' id='word_1_96' title='bbox 170 941 293 995; x_wconf 87' lang='lat' dir='ltr'>cujus</span> <span class='ocrx_word' id='word_1_97' title='bbox 326 940 369 980; x_wconf 90' lang='lat' dir='ltr'>in</span> <span class='ocrx_word' id='word_1_98' title='bbox 391 955 484 981; x_wconf 90' lang='lat' dir='ltr'>mea</span> <span class='ocrx_word' id='word_1_99' title='bbox 505 955 652 981; x_wconf 87' lang='lat' dir='ltr'>caussa</span> <span class='ocrx_word' id='word_1_100' title='bbox 673 955 902 995; x_wconf 89' lang='lat' dir='ltr'>numquam</span> <span class='ocrx_word' id='word_1_101' title='bbox 932 940 1036 980; x_wconf 87' lang='lat' dir='ltr'>fides</span> <span class='ocrx_word' id='word_1_102' title='bbox 1056 939 1273 995; x_wconf 87' lang='lat' dir='ltr'>virtusque</span> <span class='ocrx_word' id='word_1_103' title='bbox 1306 939 1576 981; x_wconf 88' lang='lat' dir='ltr'>contremuit.</span> <span class='ocrx_word' id='word_1_104' title='bbox 1640 939 1778 981; x_wconf 89' lang='lat' dir='ltr'>Inter-</span> 
     </span>
     <span class='ocr_line' id='line_1_14' title="bbox 169 1004 1778 1061; baseline 0 -15"><span class='ocrx_word' id='word_1_105' title='bbox 169 1005 296 1046; x_wconf 89' lang='lat' dir='ltr'>cessit</span> <span class='ocrx_word' id='word_1_106' title='bbox 331 1005 463 1061; x_wconf 83' lang='lat' dir='ltr'>Ligus</span> <span class='ocrx_word' id='word_1_107' title='bbox 496 1006 578 1047; x_wconf 85' lang='lat' dir='ltr'>iste</span> <span class='ocrx_word' id='word_1_108' title='bbox 611 1005 753 1047; x_wconf 93' lang='lat' dir='ltr'>nescio</span> <span class='ocrx_word' id='word_1_109' title='bbox 787 1005 867 1061; x_wconf 88' lang='lat' dir='ltr'>qui,</span> <span class='ocrx_word' id='word_1_110' title='bbox 906 1004 1242 1046; x_wconf 88' lang='lat' dir='ltr'>additamentum</span> <span class='ocrx_word' id='word_1_111' title='bbox 1278 1004 1542 1045; x_wconf 86' lang='lat' dir='ltr'>inimicorum</span> <span class='ocrx_word' id='word_1_112' title='bbox 1574 1019 1778 1046; x_wconf 89' lang='lat' dir='ltr'>meorum.</span> 
     </span>
     <span class='ocr_line' id='line_1_15' title="bbox 170 1069 1778 1127; baseline 0.001 -15"><span class='ocrx_word' id='word_1_113' title='bbox 170 1072 256 1113; x_wconf 87' lang='lat' dir='ltr'>Res</span> <span class='ocrx_word' id='word_1_114' title='bbox 283 1077 376 1114; x_wconf 90' lang='lat' dir='ltr'>erat</span> <span class='ocrx_word' id='word_1_115' title='bbox 396 1076 440 1114; x_wconf 88' lang='lat' dir='ltr'>et</span> <span class='ocrx_word' id='word_1_116' title='bbox 473 1087 622 1113; x_wconf 84' lang='lat' dir='ltr'>caussa</span> <span class='ocrx_word' id='word_1_117' title='bbox 652 1077 799 1114; x_wconf 89' lang='lat' dir='ltr'>nostra</span> <span class='ocrx_word' id='word_1_118' title='bbox 829 1087 878 1113; x_wconf 93' lang='lat' dir='ltr'>eo</span> <span class='ocrx_word' id='word_1_119' title='bbox 905 1072 994 1127; x_wconf 89' lang='lat' dir='ltr'>jam</span> <span class='ocrx_word' id='word_1_120' title='bbox 1021 1071 1116 1121; x_wconf 91' lang='lat' dir='ltr'>loci,</span> <span class='ocrx_word' id='word_1_121' title='bbox 1139 1075 1187 1112; x_wconf 88' lang='lat' dir='ltr'>ut</span> <span class='ocrx_word' id='word_1_122' title='bbox 1218 1070 1379 1126; x_wconf 86' lang='lat' dir='ltr'>erigere</span> <span class='ocrx_word' id='word_1_123' title='bbox 1410 1071 1554 1112; x_wconf 90' lang='lat' dir='ltr'>oculos</span> <span class='ocrx_word' id='word_1_124' title='bbox 1577 1075 1621 1112; x_wconf 90' lang='lat' dir='ltr'>et</span> <span class='ocrx_word' id='word_1_125' title='bbox 1642 1069 1778 1113; x_wconf 88' lang='lat' dir='ltr'>vivere</span> 
     </span>
     <span class='ocr_line' id='line_1_16' title="bbox 168 1136 1778 1193; baseline 0 -16"><span class='ocrx_word' id='word_1_126' title='bbox 168 1137 395 1179; x_wconf 86' lang='lat' dir='ltr'>videretur.</span> <span class='ocrx_word' id='word_1_127' title='bbox 469 1137 668 1193; x_wconf 76' lang='lat' dir='ltr'>Quisquis</span> <span class='ocrx_word' id='word_1_128' title='bbox 709 1143 813 1188; x_wconf 89' lang='lat' dir='ltr'>erat,</span> <span class='ocrx_word' id='word_1_129' title='bbox 856 1138 927 1193; x_wconf 90' lang='lat' dir='ltr'>qui</span> <span class='ocrx_word' id='word_1_130' title='bbox 978 1137 1163 1192; x_wconf 86' lang='lat' dir='ltr'>aliquam</span> <span class='ocrx_word' id='word_1_131' title='bbox 1214 1141 1379 1191; x_wconf 84' lang='lat' dir='ltr'>partem</span> <span class='ocrx_word' id='word_1_132' title='bbox 1426 1136 1469 1176; x_wconf 91' lang='lat' dir='ltr'>in</span> <span class='ocrx_word' id='word_1_133' title='bbox 1517 1151 1610 1177; x_wconf 89' lang='lat' dir='ltr'>meo</span> <span class='ocrx_word' id='word_1_134' title='bbox 1660 1136 1778 1178; x_wconf 89' lang='lat' dir='ltr'>luctu</span> 
     </span>
     <span class='ocr_line' id='line_1_17' title="bbox 166 1202 1778 1259; baseline 0.001 -17"><span class='ocrx_word' id='word_1_135' title='bbox 166 1203 356 1244; x_wconf 74' lang='lat' dir='ltr'>scelerisv</span> <span class='ocrx_word' id='word_1_136' title='bbox 386 1202 575 1244; x_wconf 86' lang='lat' dir='ltr'>Clodiani</span> <span class='ocrx_word' id='word_1_137' title='bbox 621 1203 850 1258; x_wconf 68' lang='lat' dir='ltr'>attigisset,</span> <span class='ocrx_word' id='word_1_138' title='bbox 904 1217 1151 1259; x_wconf 91' lang='lat' dir='ltr'>quocunque</span> <span class='ocrx_word' id='word_1_139' title='bbox 1196 1205 1381 1252; x_wconf 88' lang='lat' dir='ltr'>venerat,</span> <span class='ocrx_word' id='word_1_140' title='bbox 1425 1202 1536 1256; x_wconf 91' lang='lat' dir='ltr'>quod</span> <span class='ocrx_word' id='word_1_141' title='bbox 1572 1202 1778 1256; x_wconf 87' lang='lat' dir='ltr'>judicium</span> 
     </span>
     <span class='ocr_line' id='line_1_18' title="bbox 167 1266 1776 1323; baseline 0 -15"><span class='ocrx_word' id='word_1_142' title='bbox 167 1283 331 1323; x_wconf 89' lang='lat' dir='ltr'>cunque</span> <span class='ocrx_word' id='word_1_143' title='bbox 364 1269 565 1318; x_wconf 86' lang='lat' dir='ltr'>subierat,</span> <span class='ocrx_word' id='word_1_144' title='bbox 604 1269 907 1310; x_wconf 88' lang='lat' dir='ltr'>damnabatur:</span> <span class='ocrx_word' id='word_1_145' title='bbox 950 1267 1244 1309; x_wconf 86' lang='lat' dir='ltr'>inveniebatur</span> <span class='ocrx_word' id='word_1_146' title='bbox 1283 1281 1406 1307; x_wconf 90' lang='lat' dir='ltr'>nemo</span> <span class='ocrx_word' id='word_1_147' title='bbox 1443 1266 1513 1321; x_wconf 90' lang='lat' dir='ltr'>qui</span> <span class='ocrx_word' id='word_1_148' title='bbox 1550 1281 1595 1308; x_wconf 90' lang='lat' dir='ltr'>se</span> <span class='ocrx_word' id='word_1_149' title='bbox 1628 1267 1776 1308; x_wconf 81' lang='lat' dir='ltr'>suffra-</span> 
     </span>
     <span class='ocr_line' id='line_1_19' title="bbox 166 1331 1777 1390; baseline -0.001 -15"><span class='ocrx_word' id='word_1_150' title='bbox 166 1335 282 1390; x_wconf 88' lang='lat' dir='ltr'>gium</span> <span class='ocrx_word' id='word_1_151' title='bbox 304 1335 355 1375; x_wconf 91' lang='lat' dir='ltr'>de</span> <span class='ocrx_word' id='word_1_152' title='bbox 388 1350 454 1376; x_wconf 88' lang='lat' dir='ltr'>me</span> <span class='ocrx_word' id='word_1_153' title='bbox 476 1335 625 1376; x_wconf 88' lang='lat' dir='ltr'>tulisse</span> <span class='ocrx_word' id='word_1_154' title='bbox 657 1335 948 1376; x_wconf 87' lang='lat' dir='ltr'>confiteretur.</span> <span class='ocrx_word' id='word_1_155' title='bbox 1010 1333 1266 1373; x_wconf 87' lang='lat' dir='ltr'>Decesserat</span> <span class='ocrx_word' id='word_1_156' title='bbox 1287 1347 1340 1372; x_wconf 84' lang='lat' dir='ltr'>ex</span> <span class='ocrx_word' id='word_1_157' title='bbox 1362 1331 1470 1373; x_wconf 88' lang='lat' dir='ltr'>Asia</span> <span class='ocrx_word' id='word_1_158' title='bbox 1506 1332 1637 1373; x_wconf 83' lang='lat' dir='ltr'>frater</span> <span class='ocrx_word' id='word_1_159' title='bbox 1658 1347 1777 1373; x_wconf 90' lang='lat' dir='ltr'>meus</span> 
     </span>
     <span class='ocr_line' id='line_1_20' title="bbox 165 1396 1776 1456; baseline -0.001 -16"><span class='ocrx_word' id='word_1_160' title='bbox 165 1414 320 1455; x_wconf 86' lang='lat' dir='ltr'>magno</span> <span class='ocrx_word' id='word_1_161' title='bbox 342 1400 548 1456; x_wconf 89' lang='lat' dir='ltr'>squalore,</span> <span class='ocrx_word' id='word_1_162' title='bbox 573 1401 647 1441; x_wconf 91' lang='lat' dir='ltr'>sed</span> <span class='ocrx_word' id='word_1_163' title='bbox 669 1400 801 1441; x_wconf 92' lang='lat' dir='ltr'>multo</span> <span class='ocrx_word' id='word_1_164' title='bbox 823 1399 951 1441; x_wconf 89' lang='lat' dir='ltr'>etiam</span> <span class='ocrx_word' id='word_1_165' title='bbox 972 1399 1131 1453; x_wconf 87' lang='lat' dir='ltr'>majore</span> <span class='ocrx_word' id='word_1_166' title='bbox 1152 1411 1355 1438; x_wconf 85' lang='lat' dir='ltr'>maerore.</span> <span class='ocrx_word' id='word_1_167' title='bbox 1417 1396 1533 1438; x_wconf 87' lang='lat' dir='ltr'>Huic</span> <span class='ocrx_word' id='word_1_168' title='bbox 1553 1397 1607 1438; x_wconf 91' lang='lat' dir='ltr'>ad</span> <span class='ocrx_word' id='word_1_169' title='bbox 1628 1399 1776 1439; x_wconf 87' lang='lat' dir='ltr'>urbem</span> 
     </span>
     <span class='ocr_line' id='line_1_21' title="bbox 165 1463 1773 1519; baseline -0.001 -13"><span class='ocrx_word' id='word_1_170' title='bbox 165 1467 350 1508; x_wconf 90' lang='lat' dir='ltr'>venienti</span> <span class='ocrx_word' id='word_1_171' title='bbox 383 1472 476 1508; x_wconf 87' lang='lat' dir='ltr'>tota</span> <span class='ocrx_word' id='word_1_172' title='bbox 498 1467 663 1508; x_wconf 90' lang='lat' dir='ltr'>obviam</span> <span class='ocrx_word' id='word_1_173' title='bbox 696 1466 844 1508; x_wconf 85' lang='lat' dir='ltr'>civitas</span> <span class='ocrx_word' id='word_1_174' title='bbox 873 1480 969 1507; x_wconf 88' lang='lat' dir='ltr'>cum</span> <span class='ocrx_word' id='word_1_175' title='bbox 993 1464 1174 1506; x_wconf 89' lang='lat' dir='ltr'>lacrimis</span> <span class='ocrx_word' id='word_1_176' title='bbox 1209 1463 1451 1519; x_wconf 88' lang='lat' dir='ltr'>gemituque</span> <span class='ocrx_word' id='word_1_177' title='bbox 1484 1469 1773 1518; x_wconf 83' lang='lat' dir='ltr'>processerat3</span> 
     </span>
     <span class='ocr_line' id='line_1_22' title="bbox 165 1528 1773 1588; baseline 0 -17"><span class='ocrx_word' id='word_1_178' title='bbox 165 1531 418 1588; x_wconf 89' lang='lat' dir='ltr'>loquebatur</span> <span class='ocrx_word' id='word_1_179' title='bbox 438 1532 610 1573; x_wconf 89' lang='lat' dir='ltr'>liberius</span> <span class='ocrx_word' id='word_1_180' title='bbox 642 1536 844 1579; x_wconf 90' lang='lat' dir='ltr'>senatus;</span> <span class='ocrx_word' id='word_1_181' title='bbox 881 1531 1191 1572; x_wconf 89' lang='lat' dir='ltr'>concurrebant</span> <span class='ocrx_word' id='word_1_182' title='bbox 1226 1528 1390 1584; x_wconf 90' lang='lat' dir='ltr'>equites</span> <span class='ocrx_word' id='word_1_183' title='bbox 1426 1528 1635 1575; x_wconf 82' lang='lat' dir='ltr'>Romani;</span> <span class='ocrx_word' id='word_1_184' title='bbox 1672 1528 1773 1571; x_wconf 91' lang='lat' dir='ltr'>Piso</span> 
     </span>
     <span class='ocr_line' id='line_1_23' title="bbox 165 1596 1774 1651; baseline -0.001 -14"><span class='ocrx_word' id='word_1_185' title='bbox 165 1597 245 1647; x_wconf 91' lang='lat' dir='ltr'>ille,</span> <span class='ocrx_word' id='word_1_186' title='bbox 277 1613 408 1651; x_wconf 82' lang='lat' dir='ltr'>gener</span> <span class='ocrx_word' id='word_1_187' title='bbox 438 1613 567 1647; x_wconf 88' lang='lat' dir='ltr'>meus,</span> <span class='ocrx_word' id='word_1_188' title='bbox 594 1598 660 1638; x_wconf 89' lang='lat' dir='ltr'>cui</span> <span class='ocrx_word' id='word_1_189' title='bbox 690 1598 874 1638; x_wconf 88' lang='lat' dir='ltr'>fructum</span> <span class='ocrx_word' id='word_1_190' title='bbox 906 1596 1079 1651; x_wconf 87' lang='lat' dir='ltr'>pietatis</span> <span class='ocrx_word' id='word_1_191' title='bbox 1109 1609 1210 1635; x_wconf 89' lang='lat' dir='ltr'>suae</span> <span class='ocrx_word' id='word_1_192' title='bbox 1240 1608 1375 1648; x_wconf 89' lang='lat' dir='ltr'>neque</span> <span class='ocrx_word' id='word_1_193' title='bbox 1411 1608 1463 1634; x_wconf 87' lang='lat' dir='ltr'>ex</span> <span class='ocrx_word' id='word_1_194' title='bbox 1494 1608 1560 1634; x_wconf 90' lang='lat' dir='ltr'>me</span> <span class='ocrx_word' id='word_1_195' title='bbox 1591 1609 1727 1649; x_wconf 92' lang='lat' dir='ltr'>neque</span> <span class='ocrx_word' id='word_1_196' title='bbox 1748 1609 1774 1635; x_wconf 88' lang='lat' dir='ltr'>a</span> 
     </span>
     <span class='ocr_line' id='line_1_24' title="bbox 164 1659 1774 1718; baseline -0.002 -15"><span class='ocrx_word' id='word_1_197' title='bbox 164 1663 318 1718; x_wconf 90' lang='lat' dir='ltr'>populo</span> <span class='ocrx_word' id='word_1_198' title='bbox 348 1664 541 1704; x_wconf 86' lang='lat' dir='ltr'>Romano</span> <span class='ocrx_word' id='word_1_199' title='bbox 574 1663 682 1703; x_wconf 90' lang='lat' dir='ltr'>ferre</span> <span class='ocrx_word' id='word_1_200' title='bbox 714 1662 845 1712; x_wconf 89' lang='lat' dir='ltr'>licuit,</span> <span class='ocrx_word' id='word_1_201' title='bbox 869 1676 894 1702; x_wconf 87' lang='lat' dir='ltr'>a</span> <span class='ocrx_word' id='word_1_202' title='bbox 915 1661 1149 1717; x_wconf 86' lang='lat' dir='ltr'>propinquo</span> <span class='ocrx_word' id='word_1_203' title='bbox 1175 1674 1252 1701; x_wconf 91' lang='lat' dir='ltr'>suo</span> <span class='ocrx_word' id='word_1_204' title='bbox 1286 1674 1477 1700; x_wconf 88' lang='lat' dir='ltr'>socerum</span> <span class='ocrx_word' id='word_1_205' title='bbox 1513 1674 1635 1700; x_wconf 89' lang='lat' dir='ltr'>suum</span> <span class='ocrx_word' id='word_1_206' title='bbox 1655 1659 1774 1714; x_wconf 86' lang='lat' dir='ltr'>flagi-</span> 
     </span>
     <span class='ocr_line' id='line_1_25' title="bbox 164 1724 1773 1783; baseline -0.002 -13"><span class='ocrx_word' id='word_1_207' title='bbox 164 1729 310 1771; x_wconf 83' lang='lat' dir='ltr'>tabat:</span> <span class='ocrx_word' id='word_1_208' title='bbox 346 1729 484 1770; x_wconf 89' lang='lat' dir='ltr'>omnia</span> <span class='ocrx_word' id='word_1_209' title='bbox 508 1733 682 1770; x_wconf 89' lang='lat' dir='ltr'>senatus</span> <span class='ocrx_word' id='word_1_210' title='bbox 712 1728 941 1783; x_wconf 86' lang='lat' dir='ltr'>rejiciebat,</span> <span class='ocrx_word' id='word_1_211' title='bbox 975 1727 1055 1767; x_wconf 90' lang='lat' dir='ltr'>nisi</span> <span class='ocrx_word' id='word_1_212' title='bbox 1076 1726 1127 1767; x_wconf 92' lang='lat' dir='ltr'>de</span> <span class='ocrx_word' id='word_1_213' title='bbox 1157 1740 1225 1766; x_wconf 91' lang='lat' dir='ltr'>me</span> <span class='ocrx_word' id='word_1_214' title='bbox 1255 1724 1436 1781; x_wconf 89' lang='lat' dir='ltr'>primum</span> <span class='ocrx_word' id='word_1_215' title='bbox 1467 1725 1659 1766; x_wconf 89' lang='lat' dir='ltr'>consules</span> <span class='ocrx_word' id='word_1_216' title='bbox 1689 1730 1773 1767; x_wconf 88' lang='lat' dir='ltr'>ret-</span> 
     </span>
    </p>
   </div>
   <div class='ocr_carea' id='block_1_4' title="bbox 164 1794 376 1836">
    <p class='ocr_par' dir='ltr' id='par_1_4' title="bbox 164 1794 376 1836">
     <span class='ocr_line' id='line_1_26' title="bbox 164 1794 376 1836; baseline 0.009 -2"><span class='ocrx_word' id='word_1_217' title='bbox 164 1794 376 1836; x_wconf 88' lang='lat' dir='ltr'>tulissent.</span> 
     </span>
    </p>
   </div>
   <div class='ocr_carea' id='block_1_5' title="bbox 223 1859 956 1916">
    <p class='ocr_par' dir='ltr' id='par_1_5' title="bbox 223 1859 956 1916">
     <span class='ocr_line' id='line_1_27' title="bbox 223 1859 956 1916; baseline 0.001 -16"><span class='ocrx_word' id='word_1_218' title='bbox 223 1859 443 1901; x_wconf 86' lang='lat' dir='ltr'><strong>XXXII.</strong></span> <span class='ocrx_word' id='word_1_219' title='bbox 477 1860 594 1913; x_wconf 73' lang='lat' dir='ltr'>Quae</span> <span class='ocrx_word' id='word_1_220' title='bbox 626 1875 754 1916; x_wconf 90' lang='lat' dir='ltr'>quum</span> <span class='ocrx_word' id='word_1_221' title='bbox 783 1875 851 1902; x_wconf 90' lang='lat' dir='ltr'>res</span> <span class='ocrx_word' id='word_1_222' title='bbox 866 1860 956 1915; x_wconf 86' lang='lat' dir='ltr'>jam</span> 
     </span>
    </p>
   </div>
   <div class='ocr_carea' id='block_1_6' title="bbox 161 1975 945 3003">
    <p class='ocr_par' dir='ltr' id='par_1_6' title="bbox 162 1975 943 2100">
     <span class='ocr_line' id='line_1_28' title="bbox 164 1975 943 2015; baseline 0 -10"><span class='ocrx_word' id='word_1_223' title='bbox 164 1976 236 2005; x_wconf 84' lang='lat' dir='ltr'>“he</span> <span class='ocrx_word' id='word_1_224' title='bbox 252 1975 317 2005; x_wconf 88' lang='lat' dir='ltr'>said</span> <span class='ocrx_word' id='word_1_225' title='bbox 335 1978 342 1991; x_wconf 91' lang='lat'>‘</span> <span class='ocrx_word' id='word_1_226' title='bbox 355 1975 473 2011; x_wconf 84' lang='lat' dir='ltr'>etiam‚’</span> <span class='ocrx_word' id='word_1_227' title='bbox 497 1986 530 2006; x_wconf 91' lang='lat' dir='ltr'>as</span> <span class='ocrx_word' id='word_1_228' title='bbox 545 1975 572 2005; x_wconf 90' lang='lat' dir='ltr'>if</span> <span class='ocrx_word' id='word_1_229' title='bbox 585 1978 731 2015; x_wconf 84' lang='lat' dir='ltr'>contrary</span> <span class='ocrx_word' id='word_1_230' title='bbox 747 1978 780 2005; x_wconf 78' lang='lat' dir='ltr'>to</span> <span class='ocrx_word' id='word_1_231' title='bbox 796 1986 943 2006; x_wconf 86' lang='lat' dir='ltr'>common</span> 
     </span>
     <span class='ocr_line' id='line_1_29' title="bbox 163 2018 943 2058; baseline 0.001 -10"><span class='ocrx_word' id='word_1_232' title='bbox 163 2019 304 2058; x_wconf 84' lang='lat' dir='ltr'>opinion,</span> <span class='ocrx_word' id='word_1_233' title='bbox 322 2018 406 2048; x_wconf 90' lang='lat' dir='ltr'>since</span> <span class='ocrx_word' id='word_1_234' title='bbox 422 2029 494 2048; x_wconf 89' lang='lat' dir='ltr'>men</span> <span class='ocrx_word' id='word_1_235' title='bbox 511 2019 602 2048; x_wconf 84' lang='lat' dir='ltr'>think</span> <span class='ocrx_word' id='word_1_236' title='bbox 616 2019 793 2055; x_wconf 79' lang='lat' dir='ltr'>otherwise,</span> <span class='ocrx_word' id='word_1_237' title='bbox 810 2019 943 2049; x_wconf 83' lang='lat' dir='ltr'>because</span> 
     </span>
     <span class='ocr_line' id='line_1_30' title="bbox 162 2061 903 2100; baseline 0 -8"><span class='ocrx_word' id='word_1_238' title='bbox 162 2062 218 2092; x_wconf 85' lang='lat' dir='ltr'>the</span> <span class='ocrx_word' id='word_1_239' title='bbox 236 2062 354 2091; x_wconf 86' lang='lat' dir='ltr'>Servile</span> <span class='ocrx_word' id='word_1_240' title='bbox 369 2072 432 2091; x_wconf 84' lang='lat' dir='ltr'>war</span> <span class='ocrx_word' id='word_1_241' title='bbox 447 2072 509 2091; x_wconf 89' lang='lat' dir='ltr'>was</span> <span class='ocrx_word' id='word_1_242' title='bbox 524 2062 660 2091; x_wconf 90' lang='lat' dir='ltr'>finished</span> <span class='ocrx_word' id='word_1_243' title='bbox 677 2061 718 2100; x_wconf 89' lang='lat' dir='ltr'>by</span> <span class='ocrx_word' id='word_1_244' title='bbox 735 2061 903 2092; x_wconf 87' lang='lat' dir='ltr'>Crassus.”</span> 
     </span>
    </p>

    <p class='ocr_par' dir='ltr' id='par_1_7' title="bbox 162 2104 945 2445">
     <span class='ocr_line' id='line_1_31' title="bbox 207 2104 942 2143; baseline 0.001 -9"><span class='ocrx_word' id='word_1_245' title='bbox 207 2106 293 2134; x_wconf 68' lang='lat' dir='ltr'>orbis</span> <span class='ocrx_word' id='word_1_246' title='bbox 311 2108 474 2134; x_wconf 75' lang='lat' dir='ltr'>terrarum</span> <span class='ocrx_word' id='word_1_247' title='bbox 496 2104 657 2143; x_wconf 78' lang='lat' dir='ltr'>terminis]</span> <span class='ocrx_word' id='word_1_248' title='bbox 687 2105 726 2134; x_wconf 90' lang='lat' dir='ltr'>In</span> <span class='ocrx_word' id='word_1_249' title='bbox 743 2105 812 2134; x_wconf 94' lang='lat' dir='ltr'>Cat.</span> <span class='ocrx_word' id='word_1_250' title='bbox 829 2105 872 2134; x_wconf 90' lang='lat' dir='ltr'>iii.</span> <span class='ocrx_word' id='word_1_251' title='bbox 895 2106 942 2141; x_wconf 90' lang='lat' dir='ltr'>ll,</span> 
     </span>
     <span class='ocr_line' id='line_1_32' title="bbox 163 2147 945 2187; baseline -0.001 -9"><span class='ocrx_word' id='word_1_252' title='bbox 163 2148 225 2178; x_wconf 89' lang='lat' dir='ltr'>and</span> <span class='ocrx_word' id='word_1_253' title='bbox 241 2147 296 2177; x_wconf 87' lang='lat' dir='ltr'>the</span> <span class='ocrx_word' id='word_1_254' title='bbox 307 2150 416 2184; x_wconf 81' lang='lat' dir='ltr'>notes;</span> <span class='ocrx_word' id='word_1_255' title='bbox 433 2148 465 2176; x_wconf 93' lang='lat' dir='ltr'>in</span> <span class='ocrx_word' id='word_1_256' title='bbox 479 2147 548 2177; x_wconf 86' lang='lat' dir='ltr'>Cat.</span> <span class='ocrx_word' id='word_1_257' title='bbox 562 2147 602 2177; x_wconf 93' lang='lat' dir='ltr'>iv.</span> <span class='ocrx_word' id='word_1_258' title='bbox 619 2149 655 2178; x_wconf 91' lang='lat'>10</span> <span class='ocrx_word' id='word_1_259' title='bbox 668 2147 862 2187; x_wconf 87' lang='lat' dir='ltr'>(Halm).—‘</span> <span class='ocrx_word' id='word_1_260' title='bbox 874 2158 945 2177; x_wconf 87' lang='lat' dir='ltr'>san-</span> 
     </span>
     <span class='ocr_line' id='line_1_33' title="bbox 163 2190 944 2230; baseline 0 -10"><span class='ocrx_word' id='word_1_261' title='bbox 163 2191 258 2230; x_wconf 89' lang='lat' dir='ltr'>guine</span> <span class='ocrx_word' id='word_1_262' title='bbox 275 2190 364 2220; x_wconf 81' lang='lat' dir='ltr'>suoz’</span> <span class='ocrx_word' id='word_1_263' title='bbox 389 2201 429 2220; x_wconf 88' lang='lat' dir='ltr'>an</span> <span class='ocrx_word' id='word_1_264' title='bbox 453 2190 598 2226; x_wconf 84' lang='lat' dir='ltr'>allusion,</span> <span class='ocrx_word' id='word_1_265' title='bbox 623 2200 656 2219; x_wconf 89' lang='lat' dir='ltr'>as</span> <span class='ocrx_word' id='word_1_266' title='bbox 681 2190 847 2220; x_wconf 86' lang='lat' dir='ltr'>Manutius</span> <span class='ocrx_word' id='word_1_267' title='bbox 870 2201 944 2229; x_wconf 85' lang='lat' dir='ltr'>sup-</span> 
     </span>
     <span class='ocr_line' id='line_1_34' title="bbox 162 2233 945 2274; baseline -0.001 -11"><span class='ocrx_word' id='word_1_268' title='bbox 162 2244 266 2274; x_wconf 90' lang='lat' dir='ltr'>poses,</span> <span class='ocrx_word' id='word_1_269' title='bbox 288 2236 321 2263; x_wconf 86' lang='lat' dir='ltr'>to</span> <span class='ocrx_word' id='word_1_270' title='bbox 348 2233 404 2263; x_wconf 82' lang='lat' dir='ltr'>the</span> <span class='ocrx_word' id='word_1_271' title='bbox 430 2233 530 2263; x_wconf 84' lang='lat' dir='ltr'>battle</span> <span class='ocrx_word' id='word_1_272' title='bbox 550 2233 626 2263; x_wconf 87' lang='lat' dir='ltr'>with</span> <span class='ocrx_word' id='word_1_273' title='bbox 644 2233 799 2263; x_wconf 87' lang='lat' dir='ltr'>Sertorius</span> <span class='ocrx_word' id='word_1_274' title='bbox 824 2242 866 2262; x_wconf 89' lang='lat' dir='ltr'>on</span> <span class='ocrx_word' id='word_1_275' title='bbox 890 2233 945 2263; x_wconf 90' lang='lat' dir='ltr'>the</span> 
     </span>
     <span class='ocr_line' id='line_1_35' title="bbox 164 2276 942 2316; baseline 0 -10"><span class='ocrx_word' id='word_1_276' title='bbox 164 2278 262 2306; x_wconf 84' lang='lat' dir='ltr'>Sucro</span> <span class='ocrx_word' id='word_1_277' title='bbox 285 2277 318 2306; x_wconf 89' lang='lat' dir='ltr'>in</span> <span class='ocrx_word' id='word_1_278' title='bbox 336 2276 432 2316; x_wconf 88' lang='lat' dir='ltr'>Spain</span> <span class='ocrx_word' id='word_1_279' title='bbox 455 2276 630 2316; x_wconf 85' lang='lat' dir='ltr'>(Plutarch,</span> <span class='ocrx_word' id='word_1_280' title='bbox 653 2276 819 2311; x_wconf 81' lang='lat' dir='ltr'>Sertorius,</span> <span class='ocrx_word' id='word_1_281' title='bbox 836 2286 862 2305; x_wconf 86' lang='lat' dir='ltr'>c.</span> <span class='ocrx_word' id='word_1_282' title='bbox 883 2277 942 2312; x_wconf 80' lang='lat'>193</span> 
     </span>
     <span class='ocr_line' id='line_1_36' title="bbox 164 2318 941 2359; baseline -0.001 -10"><span class='ocrx_word' id='word_1_283' title='bbox 164 2320 344 2359; x_wconf 89' lang='lat' dir='ltr'>Pompeius,</span> <span class='ocrx_word' id='word_1_284' title='bbox 371 2330 398 2349; x_wconf 89' lang='lat' dir='ltr'>c.</span> <span class='ocrx_word' id='word_1_285' title='bbox 428 2321 464 2351; x_wconf 86' lang='grc'><strong>19</strong></span> <span class='ocrx_word' id='word_1_286' title='bbox 479 2332 485 2356; x_wconf 90' lang='grc'><strong>;</strong></span> <span class='ocrx_word' id='word_1_287' title='bbox 522 2319 660 2359; x_wconf 89' lang='lat' dir='ltr'>Appian,</span> <span class='ocrx_word' id='word_1_288' title='bbox 689 2319 727 2349; x_wconf 89' lang='grc' dir='ltr'>Β.</span> <span class='ocrx_word' id='word_1_289' title='bbox 746 2318 782 2349; x_wconf 91' lang='lat' dir='ltr'>C.</span> <span class='ocrx_word' id='word_1_290' title='bbox 811 2319 830 2348; x_wconf 88' lang='lat' dir='ltr'>i.</span> <span class='ocrx_word' id='word_1_291' title='bbox 863 2320 941 2349; x_wconf 88' lang='lat'>110:</span> 
     </span>
     <span class='ocr_line' id='line_1_37' title="bbox 163 2360 943 2402; baseline -0.001 -10"><span class='ocrx_word' id='word_1_292' title='bbox 163 2363 285 2402; x_wconf 79' lang='grc' dir='ltr'>ἐτρώθη</span> <span class='ocrx_word' id='word_1_293' title='bbox 310 2361 423 2401; x_wconf 70' lang='grc' dir='ltr'>δόρατι</span> <span class='ocrx_word' id='word_1_294' title='bbox 448 2363 481 2399; x_wconf 80' lang='grc' dir='ltr'>ἐς</span> <span class='ocrx_word' id='word_1_295' title='bbox 506 2362 567 2393; x_wconf 82' lang='grc' dir='ltr'>τὸν</span> <span class='ocrx_word' id='word_1_296' title='bbox 588 2362 697 2402; x_wconf 77' lang='grc' dir='ltr'>μηρὸν</span> <span class='ocrx_word' id='word_1_297' title='bbox 722 2360 943 2397; x_wconf 78' lang='grc' dir='ltr'>ἐπικινδύνως</span> 
     </span>
     <span class='ocr_line' id='line_1_38' title="bbox 163 2405 411 2445; baseline -0.004 -9"><span class='ocrx_word' id='word_1_298' title='bbox 163 2405 180 2436; x_wconf 87' lang='grc' dir='ltr'>ὁ</span> <span class='ocrx_word' id='word_1_299' title='bbox 206 2405 411 2445; x_wconf 74' lang='grc' dir='ltr'>Πομπήϊος).</span> 
     </span>
    </p>

    <p class='ocr_par' dir='ltr' id='par_1_8' title="bbox 162 2447 943 2831">
     <span class='ocr_line' id='line_1_39' title="bbox 207 2447 940 2488; baseline -0.001 -10"><span class='ocrx_word' id='word_1_300' title='bbox 207 2449 418 2488; x_wconf 79' lang='lat' dir='ltr'>auctoritate]</span> <span class='ocrx_word' id='word_1_301' title='bbox 454 2448 523 2478; x_wconf 91' lang='lat' dir='ltr'>The</span> <span class='ocrx_word' id='word_1_302' title='bbox 548 2448 727 2488; x_wconf 82' lang='lat' dir='ltr'>opposition</span> <span class='ocrx_word' id='word_1_303' title='bbox 750 2447 785 2477; x_wconf 90' lang='lat' dir='ltr'>of</span> <span class='ocrx_word' id='word_1_304' title='bbox 813 2450 940 2477; x_wconf 88' lang='lat' dir='ltr'>‘aucto-</span> 
     </span>
     <span class='ocr_line' id='line_1_40' title="bbox 162 2489 942 2530; baseline -0.001 -9"><span class='ocrx_word' id='word_1_305' title='bbox 162 2491 260 2527; x_wconf 85' lang='lat' dir='ltr'>ritas‚’</span> <span class='ocrx_word' id='word_1_306' title='bbox 286 2492 456 2528; x_wconf 87' lang='lat' dir='ltr'>character,</span> <span class='ocrx_word' id='word_1_307' title='bbox 479 2492 648 2528; x_wconf 81' lang='lat' dir='ltr'>iufluence,</span> <span class='ocrx_word' id='word_1_308' title='bbox 672 2491 735 2521; x_wconf 88' lang='lat' dir='ltr'>and</span> <span class='ocrx_word' id='word_1_309' title='bbox 759 2489 942 2530; x_wconf 76' lang='lat' dir='ltr'>‘potestas,’</span> 
     </span>
     <span class='ocr_line' id='line_1_41' title="bbox 162 2534 942 2574; baseline 0 -11"><span class='ocrx_word' id='word_1_310' title='bbox 162 2534 322 2574; x_wconf 86' lang='lat' dir='ltr'>authority</span> <span class='ocrx_word' id='word_1_311' title='bbox 332 2535 367 2564; x_wconf 89' lang='lat' dir='ltr'>of</span> <span class='ocrx_word' id='word_1_312' title='bbox 379 2535 478 2571; x_wconf 86' lang='lat' dir='ltr'>office,</span> <span class='ocrx_word' id='word_1_313' title='bbox 492 2535 518 2564; x_wconf 92' lang='lat' dir='ltr'>is</span> <span class='ocrx_word' id='word_1_314' title='bbox 530 2535 601 2564; x_wconf 89' lang='lat' dir='ltr'>well</span> <span class='ocrx_word' id='word_1_315' title='bbox 613 2535 723 2564; x_wconf 88' lang='lat' dir='ltr'>shown</span> <span class='ocrx_word' id='word_1_316' title='bbox 736 2534 769 2563; x_wconf 90' lang='lat' dir='ltr'>iu</span> <span class='ocrx_word' id='word_1_317' title='bbox 782 2544 800 2563; x_wconf 90' lang='lat' dir='ltr'>a</span> <span class='ocrx_word' id='word_1_318' title='bbox 812 2543 942 2573; x_wconf 83' lang='lat' dir='ltr'>passage</span> 
     </span>
     <span class='ocr_line' id='line_1_42' title="bbox 163 2577 940 2616; baseline 0 -10"><span class='ocrx_word' id='word_1_319' title='bbox 163 2577 244 2607; x_wconf 86' lang='lat' dir='ltr'>cited</span> <span class='ocrx_word' id='word_1_320' title='bbox 277 2577 317 2616; x_wconf 90' lang='lat' dir='ltr'>by</span> <span class='ocrx_word' id='word_1_321' title='bbox 345 2577 462 2607; x_wconf 86' lang='lat' dir='ltr'>Halm:</span> <span class='ocrx_word' id='word_1_322' title='bbox 497 2578 576 2608; x_wconf 85' lang='lat' dir='ltr'>“ille</span> <span class='ocrx_word' id='word_1_323' title='bbox 606 2577 788 2616; x_wconf 86' lang='lat' dir='ltr'>designatus</span> <span class='ocrx_word' id='word_1_324' title='bbox 819 2577 940 2612; x_wconf 90' lang='lat' dir='ltr'>consul,</span> 
     </span>
     <span class='ocr_line' id='line_1_43' title="bbox 163 2620 941 2660; baseline -0.001 -11"><span class='ocrx_word' id='word_1_325' title='bbox 163 2630 262 2659; x_wconf 90' lang='lat' dir='ltr'>quum</span> <span class='ocrx_word' id='word_1_326' title='bbox 279 2620 407 2659; x_wconf 85' lang='lat' dir='ltr'>quidam</span> <span class='ocrx_word' id='word_1_327' title='bbox 428 2620 576 2650; x_wconf 82' lang='lat' dir='ltr'>tribunus</span> <span class='ocrx_word' id='word_1_328' title='bbox 591 2621 634 2660; x_wconf 91' lang='lat' dir='ltr'>pl.</span> <span class='ocrx_word' id='word_1_329' title='bbox 652 2630 709 2650; x_wconf 90' lang='lat' dir='ltr'>suo</span> <span class='ocrx_word' id='word_1_330' title='bbox 733 2620 850 2649; x_wconf 87' lang='lat' dir='ltr'>auxilio</span> <span class='ocrx_word' id='word_1_331' title='bbox 875 2630 941 2649; x_wconf 88' lang='lat' dir='ltr'>ma-</span> 
     </span>
     <span class='ocr_line' id='line_1_44' title="bbox 162 2663 941 2702; baseline 0 -11"><span class='ocrx_word' id='word_1_332' title='bbox 162 2663 275 2701; x_wconf 81' lang='lat' dir='ltr'>gistros</span> <span class='ocrx_word' id='word_1_333' title='bbox 296 2663 387 2692; x_wconf 85' lang='lat' dir='ltr'>ludos</span> <span class='ocrx_word' id='word_1_334' title='bbox 403 2667 513 2692; x_wconf 85' lang='lat' dir='ltr'>contra</span> <span class='ocrx_word' id='word_1_335' title='bbox 530 2664 650 2694; x_wconf 87' lang='lat' dir='ltr'>SCtum</span> <span class='ocrx_word' id='word_1_336' title='bbox 671 2663 772 2693; x_wconf 81' lang='lat' dir='ltr'>facere</span> <span class='ocrx_word' id='word_1_337' title='bbox 785 2663 941 2702; x_wconf 80' lang='lat' dir='ltr'>jussisset,</span> 
     </span>
     <span class='ocr_line' id='line_1_45' title="bbox 162 2706 943 2746; baseline -0.001 -11"><span class='ocrx_word' id='word_1_338' title='bbox 162 2706 303 2744; x_wconf 73' lang='lat' dir='ltr'>prix-atus</span> <span class='ocrx_word' id='word_1_339' title='bbox 321 2706 387 2735; x_wconf 84' lang='lat' dir='ltr'>fieri</span> <span class='ocrx_word' id='word_1_340' title='bbox 402 2707 512 2741; x_wconf 75' lang='lat' dir='ltr'>vetuit,</span> <span class='ocrx_word' id='word_1_341' title='bbox 529 2711 626 2746; x_wconf 90' lang='lat' dir='ltr'>atque</span> <span class='ocrx_word' id='word_1_342' title='bbox 640 2706 683 2742; x_wconf 87' lang='lat' dir='ltr'>id,</span> <span class='ocrx_word' id='word_1_343' title='bbox 701 2706 785 2745; x_wconf 92' lang='lat' dir='ltr'>quod</span> <span class='ocrx_word' id='word_1_344' title='bbox 800 2706 943 2736; x_wconf 87' lang='lat' dir='ltr'>noudum</span> 
     </span>
     <span class='ocr_line' id='line_1_46' title="bbox 163 2748 943 2789; baseline 0.003 -12"><span class='ocrx_word' id='word_1_345' title='bbox 163 2752 322 2787; x_wconf 80' lang='lat' dir='ltr'>potestate</span> <span class='ocrx_word' id='word_1_346' title='bbox 340 2752 473 2787; x_wconf 81' lang='lat' dir='ltr'>poterat,</span> <span class='ocrx_word' id='word_1_347' title='bbox 491 2749 630 2779; x_wconf 87' lang='lat' dir='ltr'>obtinuit</span> <span class='ocrx_word' id='word_1_348' title='bbox 651 2748 862 2779; x_wconf 88' lang='lat' dir='ltr'>auctoritate&#39;⁷</span> <span class='ocrx_word' id='word_1_349' title='bbox 889 2748 943 2789; x_wconf 92' lang='lat' dir='ltr'>(In</span> 
     </span>
     <span class='ocr_line' id='line_1_47' title="bbox 162 2791 376 2831; baseline 0 -11"><span class='ocrx_word' id='word_1_350' title='bbox 162 2792 269 2820; x_wconf 87' lang='lat' dir='ltr'>Pison.</span> <span class='ocrx_word' id='word_1_351' title='bbox 287 2801 313 2821; x_wconf 92' lang='lat' dir='ltr'>c.</span> <span class='ocrx_word' id='word_1_352' title='bbox 333 2791 376 2831; x_wconf 83' lang='lat'>4).</span> 
     </span>
    </p>

    <p class='ocr_par' dir='ltr' id='par_1_9' title="bbox 161 2834 942 3003">
     <span class='ocr_line' id='line_1_48' title="bbox 206 2834 941 2874; baseline 0.001 -11"><span class='ocrx_word' id='word_1_353' title='bbox 206 2835 245 2863; x_wconf 94' lang='lat' dir='ltr'>L.</span> <span class='ocrx_word' id='word_1_354' title='bbox 261 2834 412 2873; x_wconf 76' lang='lat' dir='ltr'>Ninnio,]</span> <span class='ocrx_word' id='word_1_355' title='bbox 440 2834 660 2864; x_wconf 87' lang='lat' dir='ltr'>Introduction</span> <span class='ocrx_word' id='word_1_356' title='bbox 673 2837 706 2865; x_wconf 90' lang='lat' dir='ltr'>to</span> <span class='ocrx_word' id='word_1_357' title='bbox 719 2835 774 2864; x_wconf 89' lang='lat' dir='ltr'>the</span> <span class='ocrx_word' id='word_1_358' title='bbox 785 2834 857 2865; x_wconf 84' lang='lat' dir='ltr'>four</span> <span class='ocrx_word' id='word_1_359' title='bbox 869 2845 941 2874; x_wconf 90' lang='lat' dir='ltr'>spu-</span> 
     </span>
     <span class='ocr_line' id='line_1_49' title="bbox 161 2876 940 2917; baseline 0 -11"><span class='ocrx_word' id='word_1_360' title='bbox 161 2876 248 2906; x_wconf 86' lang='lat' dir='ltr'>rious</span> <span class='ocrx_word' id='word_1_361' title='bbox 265 2877 469 2906; x_wconf 80' lang='lat' dir='ltr'>orations.-—‘</span> <span class='ocrx_word' id='word_1_362' title='bbox 482 2877 578 2915; x_wconf 86' lang='lat' dir='ltr'>Ligus</span> <span class='ocrx_word' id='word_1_363' title='bbox 593 2878 651 2907; x_wconf 81' lang='lat' dir='ltr'>iste</span> <span class='ocrx_word' id='word_1_364' title='bbox 663 2877 683 2906; x_wconf 89' lang='lat'>:’</span> <span class='ocrx_word' id='word_1_365' title='bbox 707 2878 816 2908; x_wconf 86' lang='lat' dir='ltr'>Aelius</span> <span class='ocrx_word' id='word_1_366' title='bbox 833 2878 940 2917; x_wconf 85' lang='lat' dir='ltr'>Ligur,</span> 
     </span>
     <span class='ocr_line' id='line_1_50' title="bbox 162 2919 941 2960; baseline 0.003 -11"><span class='ocrx_word' id='word_1_367' title='bbox 162 2929 223 2949; x_wconf 91' lang='lat' dir='ltr'>one</span> <span class='ocrx_word' id='word_1_368' title='bbox 239 2920 275 2949; x_wconf 89' lang='lat' dir='ltr'>of</span> <span class='ocrx_word' id='word_1_369' title='bbox 298 2920 352 2949; x_wconf 80' lang='lat' dir='ltr'>the</span> <span class='ocrx_word' id='word_1_370' title='bbox 368 2920 488 2949; x_wconf 78' lang='lat' dir='ltr'>tribuni</span> <span class='ocrx_word' id='word_1_371' title='bbox 504 2919 605 2959; x_wconf 88' lang='lat' dir='ltr'>plebis</span> <span class='ocrx_word' id='word_1_372' title='bbox 622 2919 687 2960; x_wconf 88' lang='lat' dir='ltr'>(De</span> <span class='ocrx_word' id='word_1_373' title='bbox 704 2921 818 2956; x_wconf 87' lang='lat' dir='ltr'>Domo,</span> <span class='ocrx_word' id='word_1_374' title='bbox 836 2931 861 2951; x_wconf 91' lang='lat' dir='ltr'>c.</span> <span class='ocrx_word' id='word_1_375' title='bbox 882 2922 920 2952; x_wconf 78' lang='lat'>19</span> <span class='ocrx_word' id='word_1_376' title='bbox 935 2932 941 2956; x_wconf 95' lang='lat'>;</span> 
     </span>
     <span class='ocr_line' id='line_1_51' title="bbox 162 2963 942 3003; baseline 0 -11"><span class='ocrx_word' id='word_1_377' title='bbox 162 2963 212 2992; x_wconf 87' lang='lat' dir='ltr'>De</span> <span class='ocrx_word' id='word_1_378' title='bbox 230 2963 368 3002; x_wconf 83' lang='lat' dir='ltr'>Harusp.</span> <span class='ocrx_word' id='word_1_379' title='bbox 387 2973 413 2993; x_wconf 91' lang='lat' dir='ltr'>c.</span> <span class='ocrx_word' id='word_1_380' title='bbox 434 2964 464 3000; x_wconf 87' lang='lat'>3,</span> <span class='ocrx_word' id='word_1_381' title='bbox 486 2963 548 2993; x_wconf 87' lang='lat' dir='ltr'>and</span> <span class='ocrx_word' id='word_1_382' title='bbox 571 2963 626 2994; x_wconf 90' lang='lat' dir='ltr'>the</span> <span class='ocrx_word' id='word_1_383' title='bbox 641 2963 757 3003; x_wconf 31' lang='lat' dir='ltr'>note).,</span> <span class='ocrx_word' id='word_1_384' title='bbox 785 2964 855 2994; x_wconf 92' lang='lat' dir='ltr'>The</span> <span class='ocrx_word' id='word_1_385' title='bbox 872 2963 942 2994; x_wconf 84' lang='lat' dir='ltr'>‘ad-</span> 
     </span>
    </p>
   </div>
   <div class='ocr_carea' id='block_1_7' title="bbox 987 1858 1772 1911">
    <p class='ocr_par' dir='ltr' id='par_1_10' title="bbox 987 1858 1772 1911">
     <span class='ocr_line' id='line_1_52' title="bbox 987 1858 1772 1911; baseline -0.004 -11"><span class='ocrx_word' id='word_1_386' title='bbox 987 1858 1182 1900; x_wconf 89' lang='lat' dir='ltr'>manibus</span> <span class='ocrx_word' id='word_1_387' title='bbox 1212 1861 1431 1899; x_wconf 89' lang='lat' dir='ltr'>teneretur</span> <span class='ocrx_word' id='word_1_388' title='bbox 1452 1860 1495 1897; x_wconf 91' lang='lat' dir='ltr'>et</span> <span class='ocrx_word' id='word_1_389' title='bbox 1518 1871 1646 1911; x_wconf 90' lang='lat' dir='ltr'>quum</span> <span class='ocrx_word' id='word_1_390' title='bbox 1675 1871 1772 1898; x_wconf 90' lang='lat' dir='ltr'>con-</span> 
     </span>
    </p>
   </div>
   <div class='ocr_carea' id='block_1_8' title="bbox 985 1970 1772 3001">
    <p class='ocr_par' dir='ltr' id='par_1_11' title="bbox 988 1970 1772 2058">
     <span class='ocr_line' id='line_1_53' title="bbox 989 1970 1772 2011; baseline -0.006 -6"><span class='ocrx_word' id='word_1_391' title='bbox 989 1976 1201 2005; x_wconf 87' lang='lat' dir='ltr'>ditamentum</span> <span class='ocrx_word' id='word_1_392' title='bbox 1214 1972 1222 1986; x_wconf 90' lang='lat'>&#39;</span> <span class='ocrx_word' id='word_1_393' title='bbox 1263 1973 1289 2002; x_wconf 92' lang='lat' dir='ltr'>is</span> <span class='ocrx_word' id='word_1_394' title='bbox 1327 1971 1496 2011; x_wconf 84' lang='lat' dir='ltr'>explained</span> <span class='ocrx_word' id='word_1_395' title='bbox 1534 1970 1576 2010; x_wconf 86' lang='lat' dir='ltr'>by</span> <span class='ocrx_word' id='word_1_396' title='bbox 1606 1970 1661 2001; x_wconf 90' lang='lat' dir='ltr'>the</span> <span class='ocrx_word' id='word_1_397' title='bbox 1695 1973 1772 2000; x_wconf 81' lang='lat' dir='ltr'>next</span> 
     </span>
     <span class='ocr_line' id='line_1_54' title="bbox 988 2013 1652 2058; baseline -0.011 -9"><span class='ocrx_word' id='word_1_398' title='bbox 988 2019 1126 2058; x_wconf 85' lang='lat' dir='ltr'>chapter,</span> <span class='ocrx_word' id='word_1_399' title='bbox 1144 2021 1163 2034; x_wconf 82' lang='lat'>‘⁴</span> <span class='ocrx_word' id='word_1_400' title='bbox 1176 2027 1257 2047; x_wconf 90' lang='lat' dir='ltr'>unus</span> <span class='ocrx_word' id='word_1_401' title='bbox 1274 2026 1324 2045; x_wconf 89' lang='lat' dir='ltr'>me</span> <span class='ocrx_word' id='word_1_402' title='bbox 1339 2015 1470 2045; x_wconf 85' lang='lat' dir='ltr'>absente</span> <span class='ocrx_word' id='word_1_403' title='bbox 1485 2013 1652 2044; x_wconf 80' lang='lat' dir='ltr'>defluxit.&#39;&#39;</span> 
     </span>
    </p>

    <p class='ocr_par' dir='ltr' id='par_1_12' title="bbox 988 2056 1771 2314">
     <span class='ocr_line' id='line_1_55' title="bbox 1032 2056 1771 2100; baseline -0.007 -9"><span class='ocrx_word' id='word_1_404' title='bbox 1032 2071 1066 2091; x_wconf 84' lang='lat' dir='ltr'>eo</span> <span class='ocrx_word' id='word_1_405' title='bbox 1084 2061 1174 2100; x_wconf 82' lang='lat' dir='ltr'>loci,]</span> <span class='ocrx_word' id='word_1_406' title='bbox 1203 2060 1257 2089; x_wconf 90' lang='lat' dir='ltr'>‘in</span> <span class='ocrx_word' id='word_1_407' title='bbox 1279 2059 1350 2088; x_wconf 86' lang='lat' dir='ltr'>that</span> <span class='ocrx_word' id='word_1_408' title='bbox 1373 2062 1455 2088; x_wconf 85' lang='lat' dir='ltr'>state</span> <span class='ocrx_word' id='word_1_409' title='bbox 1478 2067 1514 2087; x_wconf 92' lang='lat' dir='ltr'>or</span> <span class='ocrx_word' id='word_1_410' title='bbox 1535 2056 1719 2093; x_wconf 86' lang='lat' dir='ltr'>condition,’</span> <span class='ocrx_word' id='word_1_411' title='bbox 1737 2067 1771 2087; x_wconf 87' lang='lat' dir='ltr'>as</span> 
     </span>
     <span class='ocr_line' id='line_1_56' title="bbox 988 2100 1770 2134; baseline -0.006 0"><span class='ocrx_word' id='word_1_412' title='bbox 988 2105 1021 2134; x_wconf 91' lang='lat' dir='ltr'>in</span> <span class='ocrx_word' id='word_1_413' title='bbox 1037 2105 1138 2134; x_wconf 85' lang='lat' dir='ltr'>Tacit.</span> <span class='ocrx_word' id='word_1_414' title='bbox 1150 2105 1235 2134; x_wconf 90' lang='lat' dir='ltr'>Ann.</span> <span class='ocrx_word' id='word_1_415' title='bbox 1247 2103 1309 2132; x_wconf 84' lang='lat' dir='ltr'>xiv.</span> <span class='ocrx_word' id='word_1_416' title='bbox 1322 2104 1363 2132; x_wconf 81' lang='lat'>62</span> <span class='ocrx_word' id='word_1_417' title='bbox 1376 2113 1383 2131; x_wconf 74' lang='grc' dir='ltr'><em>τ</em></span> <span class='ocrx_word' id='word_1_418' title='bbox 1407 2104 1426 2118; x_wconf 87' lang='grc'>“</span> <span class='ocrx_word' id='word_1_419' title='bbox 1438 2111 1503 2130; x_wconf 83' lang='grc'><strong>11011</strong></span> <span class='ocrx_word' id='word_1_420' title='bbox 1516 2110 1552 2130; x_wconf 89' lang='lat' dir='ltr'>eo</span> <span class='ocrx_word' id='word_1_421' title='bbox 1563 2100 1622 2130; x_wconf 86' lang='lat' dir='ltr'>loci</span> <span class='ocrx_word' id='word_1_422' title='bbox 1635 2110 1684 2130; x_wconf 89' lang='lat' dir='ltr'>res</span> <span class='ocrx_word' id='word_1_423' title='bbox 1698 2110 1770 2130; x_wconf 89' lang='lat' dir='ltr'>suas</span> 
     </span>
     <span class='ocr_line' id='line_1_57' title="bbox 990 2143 1770 2186; baseline -0.006 -9"><span class='ocrx_word' id='word_1_424' title='bbox 990 2147 1040 2186; x_wconf 87' lang='lat' dir='ltr'>agi</span> <span class='ocrx_word' id='word_1_425' title='bbox 1050 2151 1086 2176; x_wconf 90' lang='lat' dir='ltr'>ut</span> <span class='ocrx_word' id='word_1_426' title='bbox 1102 2147 1140 2176; x_wconf 93' lang='lat' dir='ltr'>de</span> <span class='ocrx_word' id='word_1_427' title='bbox 1156 2145 1357 2176; x_wconf 83' lang='lat' dir='ltr'>matrimonio</span> <span class='ocrx_word' id='word_1_428' title='bbox 1370 2143 1504 2174; x_wconf 83' lang='lat' dir='ltr'>certet.’&#39;</span> <span class='ocrx_word' id='word_1_429' title='bbox 1553 2143 1648 2173; x_wconf 89' lang='lat' dir='ltr'>Hand</span> <span class='ocrx_word' id='word_1_430' title='bbox 1663 2144 1770 2183; x_wconf 86' lang='lat' dir='ltr'>(Turs.</span> 
     </span>
     <span class='ocr_line' id='line_1_58' title="bbox 990 2186 1769 2229; baseline -0.006 -9"><span class='ocrx_word' id='word_1_431' title='bbox 990 2190 1021 2219; x_wconf 84' lang='lat' dir='ltr'>ii.</span> <span class='ocrx_word' id='word_1_432' title='bbox 1036 2200 1068 2229; x_wconf 92' lang='lat' dir='ltr'>p.</span> <span class='ocrx_word' id='word_1_433' title='bbox 1083 2189 1160 2229; x_wconf 77' lang='lat'>409)</span> <span class='ocrx_word' id='word_1_434' title='bbox 1171 2189 1313 2218; x_wconf 86' lang='lat' dir='ltr'>remarks</span> <span class='ocrx_word' id='word_1_435' title='bbox 1329 2187 1399 2217; x_wconf 83' lang='lat' dir='ltr'>that</span> <span class='ocrx_word' id='word_1_436' title='bbox 1411 2187 1466 2216; x_wconf 85' lang='lat' dir='ltr'>the</span> <span class='ocrx_word' id='word_1_437' title='bbox 1475 2186 1657 2225; x_wconf 79' lang='lat' dir='ltr'>expression</span> <span class='ocrx_word' id='word_1_438' title='bbox 1674 2187 1699 2216; x_wconf 93' lang='lat' dir='ltr'>is</span> <span class='ocrx_word' id='word_1_439' title='bbox 1718 2190 1769 2216; x_wconf 83' lang='lat' dir='ltr'>‘eo</span> 
     </span>
     <span class='ocr_line' id='line_1_59' title="bbox 989 2229 1768 2268; baseline -0.004 -6"><span class='ocrx_word' id='word_1_440' title='bbox 989 2232 1071 2268; x_wconf 88' lang='lat' dir='ltr'>loci‚’</span> <span class='ocrx_word' id='word_1_441' title='bbox 1089 2235 1096 2249; x_wconf 75' lang='lat'>⁶</span> <span class='ocrx_word' id='word_1_442' title='bbox 1110 2232 1219 2261; x_wconf 88' lang='lat' dir='ltr'>eodem</span> <span class='ocrx_word' id='word_1_443' title='bbox 1236 2230 1319 2265; x_wconf 85' lang='lat' dir='ltr'>loci,’</span> <span class='ocrx_word' id='word_1_444' title='bbox 1342 2234 1349 2247; x_wconf 83' lang='lat'><strong><em>⁴</em></strong></span> <span class='ocrx_word' id='word_1_445' title='bbox 1361 2230 1421 2259; x_wconf 91' lang='lat' dir='ltr'>hoc</span> <span class='ocrx_word' id='word_1_446' title='bbox 1433 2229 1516 2264; x_wconf 85' lang='lat' dir='ltr'>loci,’</span> <span class='ocrx_word' id='word_1_447' title='bbox 1535 2229 1592 2258; x_wconf 90' lang='lat' dir='ltr'>but</span> <span class='ocrx_word' id='word_1_448' title='bbox 1610 2229 1665 2259; x_wconf 87' lang='lat' dir='ltr'>the</span> <span class='ocrx_word' id='word_1_449' title='bbox 1681 2229 1768 2259; x_wconf 87' lang='lat' dir='ltr'>abla-</span> 
     </span>
     <span class='ocr_line' id='line_1_60' title="bbox 989 2271 1769 2314; baseline -0.005 -9"><span class='ocrx_word' id='word_1_450' title='bbox 989 2276 1052 2305; x_wconf 85' lang='lat' dir='ltr'>tive</span> <span class='ocrx_word' id='word_1_451' title='bbox 1064 2285 1210 2314; x_wconf 88' lang='lat' dir='ltr'>pronoun</span> <span class='ocrx_word' id='word_1_452' title='bbox 1222 2274 1313 2303; x_wconf 83' lang='lat' dir='ltr'>alone</span> <span class='ocrx_word' id='word_1_453' title='bbox 1329 2273 1355 2303; x_wconf 87' lang='lat' dir='ltr'>is</span> <span class='ocrx_word' id='word_1_454' title='bbox 1371 2275 1427 2302; x_wconf 85' lang='lat' dir='ltr'>not</span> <span class='ocrx_word' id='word_1_455' title='bbox 1440 2272 1517 2301; x_wconf 84' lang='lat' dir='ltr'>used</span> <span class='ocrx_word' id='word_1_456' title='bbox 1527 2272 1601 2302; x_wconf 86' lang='lat' dir='ltr'>thus</span> <span class='ocrx_word' id='word_1_457' title='bbox 1626 2271 1769 2313; x_wconf 88' lang='lat' dir='ltr'>(Halm).</span> 
     </span>
    </p>

    <p class='ocr_par' dir='ltr' id='par_1_13' title="bbox 991 2315 1768 2397">
     <span class='ocr_line' id='line_1_61' title="bbox 1032 2315 1768 2357; baseline -0.001 -10"><span class='ocrx_word' id='word_1_458' title='bbox 1032 2327 1218 2357; x_wconf 78' lang='lat' dir='ltr'>quocunque</span> <span class='ocrx_word' id='word_1_459' title='bbox 1247 2315 1406 2355; x_wconf 79' lang='lat' dir='ltr'>venerat,]</span> <span class='ocrx_word' id='word_1_460' title='bbox 1439 2315 1497 2345; x_wconf 87' lang='lat' dir='ltr'>See</span> <span class='ocrx_word' id='word_1_461' title='bbox 1522 2315 1572 2345; x_wconf 93' lang='lat' dir='ltr'>De</span> <span class='ocrx_word' id='word_1_462' title='bbox 1597 2315 1713 2352; x_wconf 91' lang='lat' dir='ltr'>Domo,</span> <span class='ocrx_word' id='word_1_463' title='bbox 1741 2326 1768 2346; x_wconf 90' lang='lat' dir='ltr'>c.</span> 
     </span>
     <span class='ocr_line' id='line_1_62' title="bbox 991 2360 1294 2397; baseline -0.007 -6"><span class='ocrx_word' id='word_1_464' title='bbox 991 2362 1042 2397; x_wconf 80' lang='lat'>19,</span> <span class='ocrx_word' id='word_1_465' title='bbox 1059 2360 1122 2390; x_wconf 88' lang='lat' dir='ltr'>and</span> <span class='ocrx_word' id='word_1_466' title='bbox 1137 2361 1192 2390; x_wconf 88' lang='lat' dir='ltr'>the</span> <span class='ocrx_word' id='word_1_467' title='bbox 1208 2362 1294 2389; x_wconf 86' lang='lat' dir='ltr'>note.</span> 
     </span>
    </p>

    <p class='ocr_par' dir='ltr' id='par_1_14' title="bbox 985 2401 1768 2912">
     <span class='ocr_line' id='line_1_63' title="bbox 1032 2401 1767 2441; baseline -0.005 -7"><span class='ocrx_word' id='word_1_468' title='bbox 1032 2403 1238 2441; x_wconf 76' lang='lat' dir='ltr'>Decesserat]</span> <span class='ocrx_word' id='word_1_469' title='bbox 1274 2402 1314 2431; x_wconf 90' lang='lat' dir='ltr'>In</span> <span class='ocrx_word' id='word_1_470' title='bbox 1332 2410 1397 2431; x_wconf 81' lang='lat' dir='ltr'>B.c.</span> <span class='ocrx_word' id='word_1_471' title='bbox 1415 2402 1456 2431; x_wconf 86' lang='lat'>58</span> <span class='ocrx_word' id='word_1_472' title='bbox 1473 2401 1612 2434; x_wconf 79' lang='lat' dir='ltr'>Quintus</span> <span class='ocrx_word' id='word_1_473' title='bbox 1636 2401 1695 2431; x_wconf 87' lang='lat' dir='ltr'>left</span> <span class='ocrx_word' id='word_1_474' title='bbox 1717 2401 1767 2431; x_wconf 87' lang='lat' dir='ltr'>his</span> 
     </span>
     <span class='ocr_line' id='line_1_64' title="bbox 987 2444 1768 2486; baseline -0.004 -10"><span class='ocrx_word' id='word_1_475' title='bbox 987 2446 1136 2486; x_wconf 88' lang='lat' dir='ltr'>province</span> <span class='ocrx_word' id='word_1_476' title='bbox 1151 2446 1187 2475; x_wconf 91' lang='lat' dir='ltr'>of</span> <span class='ocrx_word' id='word_1_477' title='bbox 1199 2445 1286 2480; x_wconf 86' lang='lat' dir='ltr'>Asia,</span> <span class='ocrx_word' id='word_1_478' title='bbox 1297 2444 1400 2474; x_wconf 86' lang='lat' dir='ltr'>which</span> <span class='ocrx_word' id='word_1_479' title='bbox 1416 2444 1456 2473; x_wconf 94' lang='lat' dir='ltr'>he</span> <span class='ocrx_word' id='word_1_480' title='bbox 1471 2444 1533 2473; x_wconf 89' lang='lat' dir='ltr'>had</span> <span class='ocrx_word' id='word_1_481' title='bbox 1545 2444 1703 2483; x_wconf 87' lang='lat' dir='ltr'>governed</span> <span class='ocrx_word' id='word_1_482' title='bbox 1719 2444 1768 2473; x_wconf 85' lang='lat' dir='ltr'>for</span> 
     </span>
     <span class='ocr_line' id='line_1_65' title="bbox 987 2486 1766 2529; baseline -0.004 -10"><span class='ocrx_word' id='word_1_483' title='bbox 987 2489 1076 2519; x_wconf 88' lang='lat' dir='ltr'>three</span> <span class='ocrx_word' id='word_1_484' title='bbox 1087 2499 1176 2529; x_wconf 84' lang='lat' dir='ltr'>years</span> <span class='ocrx_word' id='word_1_485' title='bbox 1188 2487 1253 2528; x_wconf 85' lang='lat' dir='ltr'>(Ad</span> <span class='ocrx_word' id='word_1_486' title='bbox 1265 2488 1304 2520; x_wconf 77' lang='grc' dir='ltr'>Θ..</span> <span class='ocrx_word' id='word_1_487' title='bbox 1314 2487 1364 2517; x_wconf 90' lang='lat' dir='ltr'>Fr.</span> <span class='ocrx_word' id='word_1_488' title='bbox 1376 2487 1397 2517; x_wconf 92' lang='lat' dir='ltr'>i.</span> <span class='ocrx_word' id='word_1_489' title='bbox 1418 2486 1517 2527; x_wconf 75' lang='grc' dir='ltr'>1).-ι</span> <span class='ocrx_word' id='word_1_490' title='bbox 1529 2487 1579 2517; x_wconf 90' lang='lat' dir='ltr'>cui</span> <span class='ocrx_word' id='word_1_491' title='bbox 1596 2487 1733 2517; x_wconf 89' lang='lat' dir='ltr'>fructum</span> <span class='ocrx_word' id='word_1_492' title='bbox 1745 2487 1766 2516; x_wconf 80' lang='grc' dir='ltr'>ε’</span> 
     </span>
     <span class='ocr_line' id='line_1_66' title="bbox 988 2529 1766 2567; baseline -0.005 -5"><span class='ocrx_word' id='word_1_493' title='bbox 988 2533 1046 2562; x_wconf 77' lang='lat' dir='ltr'>See</span> <span class='ocrx_word' id='word_1_494' title='bbox 1063 2543 1088 2562; x_wconf 92' lang='lat' dir='ltr'>c.</span> <span class='ocrx_word' id='word_1_495' title='bbox 1103 2534 1155 2567; x_wconf 76' lang='lat'>24,</span> <span class='ocrx_word' id='word_1_496' title='bbox 1168 2534 1244 2560; x_wconf 89' lang='lat' dir='ltr'>note</span> <span class='ocrx_word' id='word_1_497' title='bbox 1260 2541 1302 2560; x_wconf 90' lang='lat' dir='ltr'>on</span> <span class='ocrx_word' id='word_1_498' title='bbox 1326 2529 1426 2560; x_wconf 87' lang='lat' dir='ltr'>Piso’s</span> <span class='ocrx_word' id='word_1_499' title='bbox 1450 2530 1555 2559; x_wconf 88' lang='lat' dir='ltr'>death.</span> <span class='ocrx_word' id='word_1_500' title='bbox 1604 2530 1655 2559; x_wconf 90' lang='lat' dir='ltr'>He</span> <span class='ocrx_word' id='word_1_501' title='bbox 1671 2540 1732 2559; x_wconf 90' lang='lat' dir='ltr'>was</span> <span class='ocrx_word' id='word_1_502' title='bbox 1747 2539 1766 2558; x_wconf 89' lang='lat' dir='ltr'>a</span> 
     </span>
     <span class='ocr_line' id='line_1_67' title="bbox 985 2572 1765 2609; baseline -0.005 -4"><span class='ocrx_word' id='word_1_503' title='bbox 985 2576 1132 2605; x_wconf 88' lang='lat' dir='ltr'>kinsman</span> <span class='ocrx_word' id='word_1_504' title='bbox 1148 2574 1184 2603; x_wconf 85' lang='lat' dir='ltr'>of</span> <span class='ocrx_word' id='word_1_505' title='bbox 1206 2574 1287 2609; x_wconf 87' lang='lat' dir='ltr'>Piso,</span> <span class='ocrx_word' id='word_1_506' title='bbox 1305 2583 1365 2603; x_wconf 92' lang='lat' dir='ltr'>one</span> <span class='ocrx_word' id='word_1_507' title='bbox 1381 2573 1418 2603; x_wconf 84' lang='lat' dir='ltr'>of</span> <span class='ocrx_word' id='word_1_508' title='bbox 1435 2573 1490 2602; x_wconf 84' lang='lat' dir='ltr'>the</span> <span class='ocrx_word' id='word_1_509' title='bbox 1506 2573 1631 2602; x_wconf 91' lang='lat' dir='ltr'>consuls</span> <span class='ocrx_word' id='word_1_510' title='bbox 1647 2572 1683 2601; x_wconf 91' lang='lat' dir='ltr'>of</span> <span class='ocrx_word' id='word_1_511' title='bbox 1702 2581 1765 2602; x_wconf 83' lang='lat' dir='ltr'>B.c.</span> 
     </span>
     <span class='ocr_line' id='line_1_68' title="bbox 987 2615 1765 2648; baseline -0.006 0"><span class='ocrx_word' id='word_1_512' title='bbox 987 2620 1092 2648; x_wconf 59' lang='grc' dir='ltr'>58-ί</span> <span class='ocrx_word' id='word_1_513' title='bbox 1103 2615 1331 2647; x_wconf 59' lang='lat' dir='ltr'>rettulissent?</span> <span class='ocrx_word' id='word_1_514' title='bbox 1366 2616 1420 2645; x_wconf 84' lang='lat' dir='ltr'>the</span> <span class='ocrx_word' id='word_1_515' title='bbox 1443 2616 1529 2645; x_wconf 89' lang='lat' dir='ltr'>word</span> <span class='ocrx_word' id='word_1_516' title='bbox 1555 2615 1632 2644; x_wconf 90' lang='lat' dir='ltr'>used</span> <span class='ocrx_word' id='word_1_517' title='bbox 1655 2618 1688 2644; x_wconf 88' lang='lat' dir='ltr'>to</span> <span class='ocrx_word' id='word_1_518' title='bbox 1711 2624 1765 2644; x_wconf 85' lang='lat' dir='ltr'>ex-</span> 
     </span>
     <span class='ocr_line' id='line_1_69' title="bbox 987 2657 1766 2700; baseline -0.005 -10"><span class='ocrx_word' id='word_1_519' title='bbox 987 2671 1074 2700; x_wconf 86' lang='lat' dir='ltr'>press</span> <span class='ocrx_word' id='word_1_520' title='bbox 1091 2661 1145 2690; x_wconf 89' lang='lat' dir='ltr'>the</span> <span class='ocrx_word' id='word_1_521' title='bbox 1169 2658 1308 2689; x_wconf 81' lang='lat' dir='ltr'>consuls’</span> <span class='ocrx_word' id='word_1_522' title='bbox 1326 2658 1472 2697; x_wconf 88' lang='lat' dir='ltr'>bringing</span> <span class='ocrx_word' id='word_1_523' title='bbox 1488 2668 1506 2687; x_wconf 88' lang='lat' dir='ltr'>a</span> <span class='ocrx_word' id='word_1_524' title='bbox 1521 2661 1636 2687; x_wconf 84' lang='lat' dir='ltr'>matter</span> <span class='ocrx_word' id='word_1_525' title='bbox 1659 2657 1766 2687; x_wconf 87' lang='lat' dir='ltr'>before</span> 
     </span>
     <span class='ocr_line' id='line_1_70' title="bbox 989 2700 1763 2739; baseline -0.006 -5"><span class='ocrx_word' id='word_1_526' title='bbox 989 2705 1043 2734; x_wconf 89' lang='lat' dir='ltr'>the</span> <span class='ocrx_word' id='word_1_527' title='bbox 1069 2705 1194 2734; x_wconf 84' lang='lat' dir='ltr'>Senate.</span> <span class='ocrx_word' id='word_1_528' title='bbox 1241 2701 1393 2732; x_wconf 85' lang='lat' dir='ltr'>Garatoni</span> <span class='ocrx_word' id='word_1_529' title='bbox 1417 2710 1580 2739; x_wconf 84' lang='lat' dir='ltr'>compares</span> <span class='ocrx_word' id='word_1_530' title='bbox 1602 2700 1640 2729; x_wconf 90' lang='lat' dir='ltr'>In</span> <span class='ocrx_word' id='word_1_531' title='bbox 1659 2700 1763 2730; x_wconf 88' lang='lat' dir='ltr'>Pison.</span> 
     </span>
     <span class='ocr_line' id='line_1_71' title="bbox 989 2742 1765 2785; baseline -0.006 -9"><span class='ocrx_word' id='word_1_532' title='bbox 989 2758 1014 2776; x_wconf 92' lang='lat' dir='ltr'>c.</span> <span class='ocrx_word' id='word_1_533' title='bbox 1036 2749 1094 2778; x_wconf 73' lang='lat'>132</span> <span class='ocrx_word' id='word_1_534' title='bbox 1122 2750 1264 2785; x_wconf 88' lang='lat' dir='ltr'>“quum‚</span> <span class='ocrx_word' id='word_1_535' title='bbox 1298 2754 1485 2783; x_wconf 87' lang='lat' dir='ltr'>quacunque</span> <span class='ocrx_word' id='word_1_536' title='bbox 1511 2743 1550 2772; x_wconf 89' lang='lat' dir='ltr'>de</span> <span class='ocrx_word' id='word_1_537' title='bbox 1574 2753 1607 2772; x_wconf 91' lang='lat' dir='ltr'>re</span> <span class='ocrx_word' id='word_1_538' title='bbox 1633 2742 1765 2772; x_wconf 88' lang='lat' dir='ltr'>verbum</span> 
     </span>
     <span class='ocr_line' id='line_1_72' title="bbox 988 2786 1764 2828; baseline -0.009 -8"><span class='ocrx_word' id='word_1_539' title='bbox 988 2791 1089 2820; x_wconf 86' lang='lat' dir='ltr'>facere</span> <span class='ocrx_word' id='word_1_540' title='bbox 1113 2788 1283 2828; x_wconf 87' lang='lat' dir='ltr'>coeperatis</span> <span class='ocrx_word' id='word_1_541' title='bbox 1314 2790 1368 2816; x_wconf 90' lang='lat' dir='ltr'>aut</span> <span class='ocrx_word' id='word_1_542' title='bbox 1397 2786 1513 2816; x_wconf 80' lang='lat' dir='ltr'>referre</span> <span class='ocrx_word' id='word_1_543' title='bbox 1539 2786 1578 2814; x_wconf 87' lang='lat' dir='ltr'>ad</span> <span class='ocrx_word' id='word_1_544' title='bbox 1609 2789 1764 2821; x_wconf 86' lang='lat' dir='ltr'>senatum,</span> 
     </span>
     <span class='ocr_line' id='line_1_73' title="bbox 987 2828 1766 2867; baseline -0.008 -4"><span class='ocrx_word' id='word_1_545' title='bbox 987 2837 1119 2863; x_wconf 87' lang='lat' dir='ltr'>cunctus</span> <span class='ocrx_word' id='word_1_546' title='bbox 1132 2832 1207 2862; x_wconf 86' lang='lat' dir='ltr'>ordo</span> <span class='ocrx_word' id='word_1_547' title='bbox 1217 2830 1408 2860; x_wconf 87' lang='lat' dir='ltr'>reclamabat</span> <span class='ocrx_word' id='word_1_548' title='bbox 1424 2828 1675 2867; x_wconf 88' lang='lat' dir='ltr'>ostendebatque</span> <span class='ocrx_word' id='word_1_549' title='bbox 1688 2829 1766 2858; x_wconf 89' lang='lat' dir='ltr'>nihil</span> 
     </span>
     <span class='ocr_line' id='line_1_74' title="bbox 987 2870 1765 2912; baseline -0.008 -6"><span class='ocrx_word' id='word_1_550' title='bbox 987 2886 1055 2906; x_wconf 87' lang='lat' dir='ltr'>esse</span> <span class='ocrx_word' id='word_1_551' title='bbox 1061 2886 1114 2905; x_wconf 95' lang='lat' dir='ltr'>vos</span> <span class='ocrx_word' id='word_1_552' title='bbox 1121 2879 1247 2905; x_wconf 82' lang='lat' dir='ltr'>acturos</span> <span class='ocrx_word' id='word_1_553' title='bbox 1258 2874 1316 2903; x_wconf 88' lang='lat' dir='ltr'>nisi</span> <span class='ocrx_word' id='word_1_554' title='bbox 1329 2873 1414 2912; x_wconf 88' lang='lat' dir='ltr'>prius</span> <span class='ocrx_word' id='word_1_555' title='bbox 1421 2872 1459 2901; x_wconf 89' lang='lat' dir='ltr'>de</span> <span class='ocrx_word' id='word_1_556' title='bbox 1470 2881 1519 2900; x_wconf 79' lang='lat' dir='ltr'>nie</span> <span class='ocrx_word' id='word_1_557' title='bbox 1529 2870 1765 2901; x_wconf 84' lang='lat' dir='ltr'>rettulissetis.&#39;&#39;</span> 
     </span>
    </p>

    <p class='ocr_par' dir='ltr' id='par_1_15' title="bbox 991 2915 1767 3001">
     <span class='ocr_line' id='line_1_75' title="bbox 1031 2915 1765 2957; baseline -0.01 -7"><span class='ocrx_word' id='word_1_558' title='bbox 1031 2921 1083 2950; x_wconf 80' lang='lat'>32.</span> <span class='ocrx_word' id='word_1_559' title='bbox 1113 2920 1200 2954; x_wconf 74' lang='lat' dir='ltr'>Quae</span> <span class='ocrx_word' id='word_1_560' title='bbox 1216 2927 1312 2957; x_wconf 71' lang='lat' dir='ltr'>quum</span> <span class='ocrx_word' id='word_1_561' title='bbox 1328 2926 1379 2946; x_wconf 77' lang='lat' dir='ltr'>res</span> <span class='ocrx_word' id='word_1_562' title='bbox 1396 2938 1402 2945; x_wconf 93' lang='lat'>.</span> <span class='ocrx_word' id='word_1_563' title='bbox 1421 2937 1428 2944; x_wconf 89' lang='lat'>.</span> <span class='ocrx_word' id='word_1_564' title='bbox 1447 2938 1454 2944; x_wconf 92' lang='lat'>.</span> <span class='ocrx_word' id='word_1_565' title='bbox 1472 2915 1639 2947; x_wconf 82' lang='lat' dir='ltr'>dicebant,·</span> <span class='ocrx_word' id='word_1_566' title='bbox 1669 2925 1765 2954; x_wconf 80' lang='lat' dir='ltr'>quum</span> 
     </span>
     <span class='ocr_line' id='line_1_76' title="bbox 991 2958 1767 3001; baseline -0.008 -9"><span class='ocrx_word' id='word_1_567' title='bbox 991 2962 1067 3001; x_wconf 74' lang='lat' dir='ltr'>hoc]</span> <span class='ocrx_word' id='word_1_568' title='bbox 1119 2962 1170 2991; x_wconf 89' lang='lat' dir='ltr'>He</span> <span class='ocrx_word' id='word_1_569' title='bbox 1195 2960 1304 2999; x_wconf 84' lang='lat' dir='ltr'>begins</span> <span class='ocrx_word' id='word_1_570' title='bbox 1331 2959 1433 2995; x_wconf 84' lang='lat' dir='ltr'>twice,</span> <span class='ocrx_word' id='word_1_571' title='bbox 1459 2958 1528 2988; x_wconf 79' lang='lat' dir='ltr'>first</span> <span class='ocrx_word' id='word_1_572' title='bbox 1553 2958 1628 2987; x_wconf 86' lang='lat' dir='ltr'>with</span> <span class='ocrx_word' id='word_1_573' title='bbox 1656 2958 1767 2991; x_wconf 75' lang='lat' dir='ltr'>‘Quae</span> 
     </span>
    </p>
   </div>
  </div>
 </body>
</html>
