<?xml version="1.0" encoding="UTF-8"?>
<!DOCTYPE html PUBLIC "-//W3C//DTD XHTML 1.0 Transitional//EN"
    "http://www.w3.org/TR/xhtml1/DTD/xhtml1-transitional.dtd">
<html xmlns="http://www.w3.org/1999/xhtml" xml:lang="en" lang="en">
 <head>
  <title>
</title>
<meta http-equiv="Content-Type" content="text/html;charset=utf-8" />
  <meta name='ocr-system' content='tesseract 3.04.00' />
  <meta name='ocr-capabilities' content='ocr_page ocr_carea ocr_par ocr_line ocrx_word'/>
</head>
<body>
  <div class='ocr_page' id='page_1' title='image "./orationeswithcom03ciceuoft_0092.png"; bbox 0 0 2063 3242; ppageno 0'>
   <div class='ocr_carea' id='block_1_1' title="bbox 334 162 1559 219">
    <p class='ocr_par' dir='ltr' id='par_1_1' title="bbox 334 162 1559 219">
     <span class='ocr_line' id='line_1_1' title="bbox 334 162 1559 219; baseline 0.01 -12"><span class='ocrx_word' id='word_1_1' title='bbox 334 162 386 207; x_wconf 77' lang='lat'>&#39;78</span> <span class='ocrx_word' id='word_1_2' title='bbox 703 170 881 213; x_wconf 85' lang='lat' dir='ltr'>ORAT.</span> <span class='ocrx_word' id='word_1_3' title='bbox 916 172 998 214; x_wconf 93' lang='lat' dir='ltr'>IV.</span> <span class='ocrx_word' id='word_1_4' title='bbox 1032 172 1096 214; x_wconf 91' lang='lat' dir='ltr'>IN</span> <span class='ocrx_word' id='word_1_5' title='bbox 1132 174 1180 216; x_wconf 90' lang='lat' dir='ltr'>L.</span> <span class='ocrx_word' id='word_1_6' title='bbox 1205 174 1559 219; x_wconf 82' lang='lat' dir='ltr'><strong>CATILINAM</strong></span> 
     </span>
    </p>
   </div>
   <div class='ocr_carea' id='block_1_2' title="bbox 307 282 1934 2187">
    <p class='ocr_par' dir='ltr' id='par_1_2' title="bbox 321 282 1934 1005">
     <span class='ocr_line' id='line_1_2' title="bbox 327 282 1914 355; baseline 0.009 -32"><span class='ocrx_word' id='word_1_7' title='bbox 327 282 519 355; x_wconf 76' lang='lat' dir='ltr'>publicae</span> <span class='ocrx_word' id='word_1_8' title='bbox 557 283 613 325; x_wconf 87' lang='lat' dir='ltr'>sit</span> <span class='ocrx_word' id='word_1_9' title='bbox 652 285 797 336; x_wconf 84' lang='lat' dir='ltr'>hostis,</span> <span class='ocrx_word' id='word_1_10' title='bbox 833 301 928 327; x_wconf 93' lang='lat' dir='ltr'>eum</span> <span class='ocrx_word' id='word_1_11' title='bbox 961 288 1093 329; x_wconf 89' lang='lat' dir='ltr'>civem</span> <span class='ocrx_word' id='word_1_12' title='bbox 1125 290 1235 330; x_wconf 91' lang='lat' dir='ltr'>nullo</span> <span class='ocrx_word' id='word_1_13' title='bbox 1268 293 1392 333; x_wconf 91' lang='lat' dir='ltr'>modo</span> <span class='ocrx_word' id='word_1_14' title='bbox 1424 307 1517 333; x_wconf 89' lang='lat' dir='ltr'>esse</span> <span class='ocrx_word' id='word_1_15' title='bbox 1551 307 1693 348; x_wconf 86' lang='lat' dir='ltr'>posse;</span> <span class='ocrx_word' id='word_1_16' title='bbox 1739 295 1914 351; x_wconf 90' lang='lat' dir='ltr'>denique</span> 
     </span>
     <span class='ocr_line' id='line_1_3' title="bbox 327 350 1921 415; baseline 0.009 -26"><span class='ocrx_word' id='word_1_17' title='bbox 327 362 462 404; x_wconf 83' lang='lat' dir='ltr'>lpsum</span> <span class='ocrx_word' id='word_1_18' title='bbox 493 350 669 392; x_wconf 87' lang='lat' dir='ltr'>latorem</span> <span class='ocrx_word' id='word_1_19' title='bbox 697 351 802 407; x_wconf 89' lang='lat' dir='ltr'>legis</span> <span class='ocrx_word' id='word_1_20' title='bbox 829 352 1099 407; x_wconf 81' lang='lat' dir='ltr'>Semproniae</span> <span class='ocrx_word' id='word_1_21' title='bbox 1127 356 1248 410; x_wconf 87' lang='lat' dir='ltr'>jussu</span> <span class='ocrx_word' id='word_1_22' title='bbox 1278 358 1419 412; x_wconf 87' lang='lat' dir='ltr'>populi</span> <span class='ocrx_word' id='word_1_23' title='bbox 1450 373 1606 413; x_wconf 91' lang='lat' dir='ltr'>poenas</span> <span class='ocrx_word' id='word_1_24' title='bbox 1639 360 1697 401; x_wconf 87' lang='lat' dir='ltr'>rei</span> <span class='ocrx_word' id='word_1_25' title='bbox 1732 362 1921 415; x_wconf 88' lang='lat' dir='ltr'>publicae</span> 
     </span>
     <span class='ocr_line' id='line_1_4' title="bbox 328 414 1922 480; baseline 0.008 -25"><span class='ocrx_word' id='word_1_26' title='bbox 328 414 586 473; x_wconf 78' lang='lat' dir='ltr'>dependisse.</span> <span class='ocrx_word' id='word_1_27' title='bbox 652 417 771 459; x_wconf 87' lang='lat' dir='ltr'><strong>Idem</strong></span> <span class='ocrx_word' id='word_1_28' title='bbox 797 418 931 474; x_wconf 88' lang='lat' dir='ltr'>ipsum</span> <span class='ocrx_word' id='word_1_29' title='bbox 956 419 1192 472; x_wconf 74' lang='lat' dir='ltr'>Lentulum,</span> <span class='ocrx_word' id='word_1_30' title='bbox 1227 422 1472 477; x_wconf 85' lang='lat' dir='ltr'>largitorem</span> <span class='ocrx_word' id='word_1_31' title='bbox 1502 430 1543 465; x_wconf 88' lang='lat' dir='ltr'>et</span> <span class='ocrx_word' id='word_1_32' title='bbox 1576 426 1806 480; x_wconf 87' lang='lat' dir='ltr'>prodigum,</span> <span class='ocrx_word' id='word_1_33' title='bbox 1839 442 1922 468; x_wconf 89' lang='lat' dir='ltr'>non</span> 
     </span>
     <span class='ocr_line' id='line_1_5' title="bbox 327 485 1921 544; baseline 0.006 -21"><span class='ocrx_word' id='word_1_34' title='bbox 327 490 464 537; x_wconf 85' lang='lat' dir='ltr'>putat,</span> <span class='ocrx_word' id='word_1_35' title='bbox 499 499 625 538; x_wconf 89' lang='lat' dir='ltr'>quum</span> <span class='ocrx_word' id='word_1_36' title='bbox 660 485 710 525; x_wconf 91' lang='lat' dir='ltr'>de</span> <span class='ocrx_word' id='word_1_37' title='bbox 746 485 926 539; x_wconf 78' lang='lat' dir='ltr'>pernicie</span> <span class='ocrx_word' id='word_1_38' title='bbox 959 486 1098 541; x_wconf 89' lang='lat' dir='ltr'>populi</span> <span class='ocrx_word' id='word_1_39' title='bbox 1129 486 1335 543; x_wconf 49' lang='lat' dir='ltr'>Romani„</span> <span class='ocrx_word' id='word_1_40' title='bbox 1356 489 1485 530; x_wconf 85' lang='lat' dir='ltr'>exitio</span> <span class='ocrx_word' id='word_1_41' title='bbox 1522 491 1646 544; x_wconf 88' lang='lat' dir='ltr'>hujus</span> <span class='ocrx_word' id='word_1_42' title='bbox 1682 492 1797 532; x_wconf 90' lang='lat' dir='ltr'>urbis</span> <span class='ocrx_word' id='word_1_43' title='bbox 1833 498 1921 533; x_wconf 88' lang='lat' dir='ltr'>tam</span> 
     </span>
     <span class='ocr_line' id='line_1_6' title="bbox 326 549 1920 611; baseline 0.006 -22"><span class='ocrx_word' id='word_1_44' title='bbox 326 549 476 590; x_wconf 83' lang='lat' dir='ltr'>acerbe</span> <span class='ocrx_word' id='word_1_45' title='bbox 493 554 662 605; x_wconf 88' lang='lat' dir='ltr'>tamque</span> <span class='ocrx_word' id='word_1_46' title='bbox 685 551 908 591; x_wconf 90' lang='lat' dir='ltr'>crudeliter</span> <span class='ocrx_word' id='word_1_47' title='bbox 926 552 1135 605; x_wconf 87' lang='lat' dir='ltr'>cogitarit,</span> <span class='ocrx_word' id='word_1_48' title='bbox 1155 553 1281 594; x_wconf 88' lang='lat' dir='ltr'>etiam</span> <span class='ocrx_word' id='word_1_49' title='bbox 1303 555 1498 609; x_wconf 90' lang='lat' dir='ltr'>appellari</span> <span class='ocrx_word' id='word_1_50' title='bbox 1520 570 1642 610; x_wconf 87' lang='lat' dir='ltr'>posse</span> <span class='ocrx_word' id='word_1_51' title='bbox 1663 557 1920 611; x_wconf 80' lang='lat' dir='ltr'>popularem.</span> 
     </span>
     <span class='ocr_line' id='line_1_7' title="bbox 328 614 1918 672; baseline 0.006 -18"><span class='ocrx_word' id='word_1_52' title='bbox 328 614 477 672; x_wconf 90' lang='lat' dir='ltr'>Itaque</span> <span class='ocrx_word' id='word_1_53' title='bbox 499 616 622 658; x_wconf 92' lang='lat' dir='ltr'>homo</span> <span class='ocrx_word' id='word_1_54' title='bbox 644 615 887 657; x_wconf 88' lang='lat' dir='ltr'>mitissimus</span> <span class='ocrx_word' id='word_1_55' title='bbox 908 622 1035 672; x_wconf 90' lang='lat' dir='ltr'>atque</span> <span class='ocrx_word' id='word_1_56' title='bbox 1056 617 1291 658; x_wconf 87' lang='lat' dir='ltr'>lenissimus</span> <span class='ocrx_word' id='word_1_57' title='bbox 1312 634 1394 659; x_wconf 92' lang='lat' dir='ltr'>non</span> <span class='ocrx_word' id='word_1_58' title='bbox 1427 620 1594 661; x_wconf 88' lang='lat' dir='ltr'>dubitat</span> <span class='ocrx_word' id='word_1_59' title='bbox 1617 620 1667 662; x_wconf 90' lang='lat' dir='ltr'>P.</span> <span class='ocrx_word' id='word_1_60' title='bbox 1694 621 1918 663; x_wconf 79' lang='lat' dir='ltr'>Lentulum</span> 
     </span>
     <span class='ocr_line' id='line_1_8' title="bbox 325 682 1934 740; baseline 0.002 -17"><span class='ocrx_word' id='word_1_61' title='bbox 325 685 509 726; x_wconf 89' lang='lat' dir='ltr'>aeternis</span> <span class='ocrx_word' id='word_1_62' title='bbox 540 684 726 725; x_wconf 88' lang='lat' dir='ltr'>tenebris</span> <span class='ocrx_word' id='word_1_63' title='bbox 752 682 1007 738; x_wconf 81' lang='lat' dir='ltr'>vinculisque</span> <span class='ocrx_word' id='word_1_64' title='bbox 1038 683 1248 733; x_wconf 87' lang='lat' dir='ltr'>mandare,</span> <span class='ocrx_word' id='word_1_65' title='bbox 1285 684 1499 730; x_wconf 56' lang='lat' dir='ltr'>amaneu</span> <span class='ocrx_word' id='word_1_66' title='bbox 1531 684 1573 724; x_wconf 91' lang='lat' dir='ltr'>in</span> <span class='ocrx_word' id='word_1_67' title='bbox 1605 690 1832 740; x_wconf 89' lang='lat' dir='ltr'>posterum,</span> <span class='ocrx_word' id='word_1_68' title='bbox 1857 702 1934 735; x_wconf 55' lang='lat' dir='ltr'><em>Q</em></span> 
     </span>
     <span class='ocr_line' id='line_1_9' title="bbox 324 748 1920 809; baseline -0.001 -15"><span class='ocrx_word' id='word_1_69' title='bbox 324 754 416 807; x_wconf 73' lang='lat' dir='ltr'>quis</span> <span class='ocrx_word' id='word_1_70' title='bbox 438 751 560 809; x_wconf 87' lang='lat' dir='ltr'>hujus</span> <span class='ocrx_word' id='word_1_71' title='bbox 582 750 782 806; x_wconf 87' lang='lat' dir='ltr'>supplicio</span> <span class='ocrx_word' id='word_1_72' title='bbox 803 749 978 790; x_wconf 90' lang='lat' dir='ltr'>levando</span> <span class='ocrx_word' id='word_1_73' title='bbox 1006 763 1051 789; x_wconf 90' lang='lat' dir='ltr'>se</span> <span class='ocrx_word' id='word_1_74' title='bbox 1074 749 1240 803; x_wconf 86' lang='lat' dir='ltr'>jactare</span> <span class='ocrx_word' id='word_1_75' title='bbox 1269 753 1312 789; x_wconf 89' lang='lat' dir='ltr'>et</span> <span class='ocrx_word' id='word_1_76' title='bbox 1345 748 1386 788; x_wconf 93' lang='lat' dir='ltr'>in</span> <span class='ocrx_word' id='word_1_77' title='bbox 1420 749 1645 804; x_wconf 90' lang='lat' dir='ltr'>perniciem</span> <span class='ocrx_word' id='word_1_78' title='bbox 1673 752 1810 806; x_wconf 90' lang='lat' dir='ltr'>populi</span> <span class='ocrx_word' id='word_1_79' title='bbox 1836 752 1920 793; x_wconf 88' lang='lat' dir='ltr'>Ro-</span> 
     </span>
     <span class='ocr_line' id='line_1_10' title="bbox 322 814 1919 873; baseline -0.002 -12"><span class='ocrx_word' id='word_1_80' title='bbox 322 821 433 861; x_wconf 87' lang='lat' dir='ltr'>mani</span> <span class='ocrx_word' id='word_1_81' title='bbox 464 818 640 873; x_wconf 85' lang='lat' dir='ltr'>posthac</span> <span class='ocrx_word' id='word_1_82' title='bbox 673 815 882 872; x_wconf 88' lang='lat' dir='ltr'>popularis</span> <span class='ocrx_word' id='word_1_83' title='bbox 913 829 1004 854; x_wconf 92' lang='lat' dir='ltr'>esse</span> <span class='ocrx_word' id='word_1_84' title='bbox 1034 814 1192 869; x_wconf 80' lang='lat' dir='ltr'>possit:</span> <span class='ocrx_word' id='word_1_85' title='bbox 1227 814 1420 869; x_wconf 83' lang='lat' dir='ltr'>adjungit</span> <span class='ocrx_word' id='word_1_86' title='bbox 1448 814 1577 856; x_wconf 90' lang='lat' dir='ltr'>etiam</span> <span class='ocrx_word' id='word_1_87' title='bbox 1597 815 1919 870; x_wconf 80' lang='lat' dir='ltr'>publicationem</span> 
     </span>
     <span class='ocr_line' id='line_1_11' title="bbox 322 880 1915 937; baseline -0.004 -5"><span class='ocrx_word' id='word_1_88' title='bbox 322 892 538 936; x_wconf 90' lang='lat' dir='ltr'>bonorum,</span> <span class='ocrx_word' id='word_1_89' title='bbox 571 890 619 927; x_wconf 90' lang='lat' dir='ltr'>ut</span> <span class='ocrx_word' id='word_1_90' title='bbox 650 898 793 925; x_wconf 91' lang='lat' dir='ltr'>omnes</span> <span class='ocrx_word' id='word_1_91' title='bbox 823 880 949 923; x_wconf 87' lang='lat' dir='ltr'>animi</span> <span class='ocrx_word' id='word_1_92' title='bbox 981 880 1191 922; x_wconf 87' lang='lat' dir='ltr'>cruciatus</span> <span class='ocrx_word' id='word_1_93' title='bbox 1213 885 1265 927; x_wconf 88' lang='lat' dir='ltr'>et</span> <span class='ocrx_word' id='word_1_94' title='bbox 1296 881 1482 936; x_wconf 87' lang='lat' dir='ltr'>corporis</span> <span class='ocrx_word' id='word_1_95' title='bbox 1513 881 1642 922; x_wconf 88' lang='lat' dir='ltr'>etiam</span> <span class='ocrx_word' id='word_1_96' title='bbox 1674 888 1841 937; x_wconf 81' lang='lat' dir='ltr'>egestas</span> <span class='ocrx_word' id='word_1_97' title='bbox 1867 899 1915 925; x_wconf 89' lang='lat' dir='ltr'>ac</span> 
     </span>
     <span class='ocr_line' id='line_1_12' title="bbox 321 953 886 1005; baseline -0.016 -7"><span class='ocrx_word' id='word_1_98' title='bbox 321 955 571 998; x_wconf 71' lang='lat' dir='ltr'>mendicitas</span> <span class='ocrx_word' id='word_1_99' title='bbox 592 953 886 1005; x_wconf 74' lang='lat' dir='ltr'>consequatur.</span> 
     </span>
    </p>

    <p class='ocr_par' dir='ltr' id='par_1_3' title="bbox 307 1012 1916 2187">
     <span class='ocr_line' id='line_1_13' title="bbox 379 1012 1916 1072; baseline -0.005 -10"><span class='ocrx_word' id='word_1_100' title='bbox 379 1022 461 1062; x_wconf 89' lang='lat' dir='ltr'>VI.</span> <span class='ocrx_word' id='word_1_101' title='bbox 495 1018 790 1072; x_wconf 73' lang='lat' dir='ltr'>Quamobrem,</span> <span class='ocrx_word' id='word_1_102' title='bbox 813 1015 899 1055; x_wconf 89' lang='lat' dir='ltr'>sive</span> <span class='ocrx_word' id='word_1_103' title='bbox 921 1014 1001 1054; x_wconf 87' lang='lat' dir='ltr'>hoc</span> <span class='ocrx_word' id='word_1_104' title='bbox 1022 1012 1270 1061; x_wconf 88' lang='lat' dir='ltr'>statueritis,</span> <span class='ocrx_word' id='word_1_105' title='bbox 1295 1012 1495 1053; x_wconf 89' lang='lat' dir='ltr'>dederitis</span> <span class='ocrx_word' id='word_1_106' title='bbox 1517 1013 1616 1053; x_wconf 92' lang='lat' dir='ltr'>mihi</span> <span class='ocrx_word' id='word_1_107' title='bbox 1639 1013 1834 1055; x_wconf 84' lang='lat' dir='ltr'>comitem</span> <span class='ocrx_word' id='word_1_108' title='bbox 1863 1015 1916 1055; x_wconf 88' lang='lat' dir='ltr'>ad</span> 
     </span>
     <span class='ocr_line' id='line_1_14' title="bbox 318 1078 1915 1139; baseline -0.007 -8"><span class='ocrx_word' id='word_1_109' title='bbox 318 1088 568 1133; x_wconf 87' lang='lat' dir='ltr'>contionem,</span> <span class='ocrx_word' id='word_1_110' title='bbox 596 1083 749 1139; x_wconf 87' lang='lat' dir='ltr'>populo</span> <span class='ocrx_word' id='word_1_111' title='bbox 778 1095 921 1121; x_wconf 86' lang='lat' dir='ltr'>carum</span> <span class='ocrx_word' id='word_1_112' title='bbox 952 1083 1077 1135; x_wconf 85' lang='lat' dir='ltr'>atque</span> <span class='ocrx_word' id='word_1_113' title='bbox 1103 1078 1364 1133; x_wconf 70' lang='lat' dir='ltr'>jucundum,</span> <span class='ocrx_word' id='word_1_114' title='bbox 1400 1078 1485 1118; x_wconf 89' lang='lat' dir='ltr'>sive</span> <span class='ocrx_word' id='word_1_115' title='bbox 1509 1078 1638 1119; x_wconf 87' lang='lat' dir='ltr'>Silani</span> <span class='ocrx_word' id='word_1_116' title='bbox 1660 1079 1915 1121; x_wconf 83' lang='lat' dir='ltr'>sententiam</span> 
     </span>
     <span class='ocr_line' id='line_1_15' title="bbox 318 1143 1912 1209; baseline -0.006 -14"><span class='ocrx_word' id='word_1_117' title='bbox 318 1154 435 1209; x_wconf 90' lang='lat' dir='ltr'>sequi</span> <span class='ocrx_word' id='word_1_118' title='bbox 466 1149 706 1198; x_wconf 79' lang='lat' dir='ltr'>malueritis,</span> <span class='ocrx_word' id='word_1_119' title='bbox 735 1147 855 1188; x_wconf 87' lang='lat' dir='ltr'>facile</span> <span class='ocrx_word' id='word_1_120' title='bbox 881 1160 946 1186; x_wconf 89' lang='lat' dir='ltr'>me</span> <span class='ocrx_word' id='word_1_121' title='bbox 971 1151 1098 1200; x_wconf 86' lang='lat' dir='ltr'>atque</span> <span class='ocrx_word' id='word_1_122' title='bbox 1121 1158 1193 1184; x_wconf 86' lang='lat' dir='ltr'>vos</span> <span class='ocrx_word' id='word_1_123' title='bbox 1228 1143 1293 1198; x_wconf 89' lang='lat' dir='ltr'>[a]</span> <span class='ocrx_word' id='word_1_124' title='bbox 1327 1143 1587 1185; x_wconf 84' lang='lat' dir='ltr'>crudelitatis</span> <span class='ocrx_word' id='word_1_125' title='bbox 1608 1144 1912 1199; x_wconf 86' lang='lat' dir='ltr'>vituperatione</span> 
     </span>
     <span class='ocr_line' id='line_1_16' title="bbox 316 1209 1912 1270; baseline -0.007 -9"><span class='ocrx_word' id='word_1_126' title='bbox 316 1218 568 1263; x_wconf 84' lang='lat' dir='ltr'>defendetis;</span> <span class='ocrx_word' id='word_1_127' title='bbox 593 1222 721 1270; x_wconf 87' lang='lat' dir='ltr'>atque</span> <span class='ocrx_word' id='word_1_128' title='bbox 743 1213 940 1253; x_wconf 86' lang='lat' dir='ltr'>obtinebo</span> <span class='ocrx_word' id='word_1_129' title='bbox 962 1225 1055 1251; x_wconf 89' lang='lat' dir='ltr'>eam</span> <span class='ocrx_word' id='word_1_130' title='bbox 1076 1209 1207 1249; x_wconf 83' lang='lat' dir='ltr'>multo</span> <span class='ocrx_word' id='word_1_131' title='bbox 1228 1209 1426 1249; x_wconf 89' lang='lat' dir='ltr'>leniorem</span> <span class='ocrx_word' id='word_1_132' title='bbox 1447 1209 1588 1250; x_wconf 88' lang='lat' dir='ltr'>fuisse.</span> <span class='ocrx_word' id='word_1_133' title='bbox 1637 1211 1912 1265; x_wconf 80' lang='lat' dir='ltr'>Quamquam,</span> 
     </span>
     <span class='ocr_line' id='line_1_17' title="bbox 316 1274 1910 1341; baseline -0.005 -15"><span class='ocrx_word' id='word_1_134' title='bbox 316 1292 458 1341; x_wconf 90' lang='lat' dir='ltr'>patres</span> <span class='ocrx_word' id='word_1_135' title='bbox 494 1279 732 1335; x_wconf 80' lang='lat' dir='ltr'>conscripti,</span> <span class='ocrx_word' id='word_1_136' title='bbox 769 1292 874 1333; x_wconf 90' lang='lat' dir='ltr'>quae</span> <span class='ocrx_word' id='word_1_137' title='bbox 906 1281 1050 1331; x_wconf 90' lang='lat' dir='ltr'>potest</span> <span class='ocrx_word' id='word_1_138' title='bbox 1090 1289 1181 1315; x_wconf 90' lang='lat' dir='ltr'>esse</span> <span class='ocrx_word' id='word_1_139' title='bbox 1217 1274 1259 1314; x_wconf 91' lang='lat' dir='ltr'>in</span> <span class='ocrx_word' id='word_1_140' title='bbox 1300 1274 1409 1316; x_wconf 83' lang='lat' dir='ltr'>tanti</span> <span class='ocrx_word' id='word_1_141' title='bbox 1445 1275 1614 1316; x_wconf 87' lang='lat' dir='ltr'>sceleris</span> <span class='ocrx_word' id='word_1_142' title='bbox 1650 1275 1910 1318; x_wconf 83' lang='lat' dir='ltr'>immanitate</span> 
     </span>
     <span class='ocr_line' id='line_1_18' title="bbox 313 1340 1907 1405; baseline -0.005 -15"><span class='ocrx_word' id='word_1_143' title='bbox 313 1348 523 1405; x_wconf 87' lang='lat' dir='ltr'>punienda</span> <span class='ocrx_word' id='word_1_144' title='bbox 551 1345 802 1388; x_wconf 67' lang='lat' dir='ltr'>crudelitas?</span> <span class='ocrx_word' id='word_1_145' title='bbox 865 1342 960 1397; x_wconf 79' lang='lat' dir='ltr'>Ego</span> <span class='ocrx_word' id='word_1_146' title='bbox 989 1341 1098 1381; x_wconf 91' lang='lat' dir='ltr'>enim</span> <span class='ocrx_word' id='word_1_147' title='bbox 1133 1341 1183 1381; x_wconf 92' lang='lat' dir='ltr'>de</span> <span class='ocrx_word' id='word_1_148' title='bbox 1217 1354 1309 1380; x_wconf 90' lang='lat' dir='ltr'>meo</span> <span class='ocrx_word' id='word_1_149' title='bbox 1343 1354 1466 1380; x_wconf 88' lang='lat' dir='ltr'>sensu</span> <span class='ocrx_word' id='word_1_150' title='bbox 1495 1340 1652 1394; x_wconf 84' lang='lat' dir='ltr'>judico.</span> <span class='ocrx_word' id='word_1_151' title='bbox 1716 1341 1825 1382; x_wconf 91' lang='lat' dir='ltr'>Nam</span> <span class='ocrx_word' id='word_1_152' title='bbox 1846 1342 1907 1383; x_wconf 87' lang='lat' dir='ltr'>ita</span> 
     </span>
     <span class='ocr_line' id='line_1_19' title="bbox 313 1404 1908 1465; baseline -0.007 -10"><span class='ocrx_word' id='word_1_153' title='bbox 313 1414 413 1455; x_wconf 88' lang='lat' dir='ltr'>mihi</span> <span class='ocrx_word' id='word_1_154' title='bbox 441 1414 553 1454; x_wconf 89' lang='lat' dir='ltr'>salva</span> <span class='ocrx_word' id='word_1_155' title='bbox 581 1426 625 1451; x_wconf 91' lang='lat' dir='ltr'>re</span> <span class='ocrx_word' id='word_1_156' title='bbox 652 1409 817 1465; x_wconf 90' lang='lat' dir='ltr'>publica</span> <span class='ocrx_word' id='word_1_157' title='bbox 838 1407 1052 1448; x_wconf 88' lang='lat' dir='ltr'>vobiscum</span> <span class='ocrx_word' id='word_1_158' title='bbox 1077 1404 1232 1461; x_wconf 88' lang='lat' dir='ltr'>perfrui</span> <span class='ocrx_word' id='word_1_159' title='bbox 1262 1405 1396 1452; x_wconf 88' lang='lat' dir='ltr'>liceat,</span> <span class='ocrx_word' id='word_1_160' title='bbox 1435 1410 1482 1446; x_wconf 92' lang='lat' dir='ltr'>ut</span> <span class='ocrx_word' id='word_1_161' title='bbox 1515 1419 1592 1458; x_wconf 89' lang='lat' dir='ltr'>ego</span> <span class='ocrx_word' id='word_1_162' title='bbox 1624 1407 1734 1461; x_wconf 89' lang='lat' dir='ltr'>quod</span> <span class='ocrx_word' id='word_1_163' title='bbox 1763 1406 1804 1447; x_wconf 88' lang='lat' dir='ltr'>in</span> <span class='ocrx_word' id='word_1_164' title='bbox 1832 1408 1908 1448; x_wconf 85' lang='lat' dir='ltr'>hac</span> 
     </span>
     <span class='ocr_line' id='line_1_20' title="bbox 311 1469 1910 1526; baseline -0.006 -5"><span class='ocrx_word' id='word_1_165' title='bbox 311 1494 462 1522; x_wconf 85' lang='lat' dir='ltr'>caussa</span> <span class='ocrx_word' id='word_1_166' title='bbox 491 1475 776 1519; x_wconf 88' lang='lat' dir='ltr'>vehementior</span> <span class='ocrx_word' id='word_1_167' title='bbox 805 1488 898 1514; x_wconf 90' lang='lat' dir='ltr'>sum</span> <span class='ocrx_word' id='word_1_168' title='bbox 925 1487 1008 1513; x_wconf 90' lang='lat' dir='ltr'>non</span> <span class='ocrx_word' id='word_1_169' title='bbox 1036 1470 1264 1512; x_wconf 85' lang='lat' dir='ltr'>atrocitate</span> <span class='ocrx_word' id='word_1_170' title='bbox 1292 1469 1419 1510; x_wconf 89' lang='lat' dir='ltr'>animi</span> <span class='ocrx_word' id='word_1_171' title='bbox 1447 1471 1767 1526; x_wconf 80' lang='lat' dir='ltr'>moveor—quis</span> <span class='ocrx_word' id='word_1_172' title='bbox 1800 1472 1910 1512; x_wconf 89' lang='lat' dir='ltr'>enim</span> 
     </span>
     <span class='ocr_line' id='line_1_21' title="bbox 311 1535 1905 1593; baseline -0.006 -6"><span class='ocrx_word' id='word_1_173' title='bbox 311 1550 377 1587; x_wconf 89' lang='lat' dir='ltr'>est</span> <span class='ocrx_word' id='word_1_174' title='bbox 406 1560 473 1585; x_wconf 92' lang='lat' dir='ltr'>me</span> <span class='ocrx_word' id='word_1_175' title='bbox 504 1543 646 1584; x_wconf 90' lang='lat' dir='ltr'>mitior</span> <span class='ocrx_word' id='word_1_176' title='bbox 658 1540 804 1581; x_wconf 59' lang='lat' dir='ltr'>Z—sed</span> <span class='ocrx_word' id='word_1_177' title='bbox 830 1537 1030 1593; x_wconf 82' lang='lat' dir='ltr'>singulari</span> <span class='ocrx_word' id='word_1_178' title='bbox 1052 1536 1232 1591; x_wconf 89' lang='lat' dir='ltr'>quadam</span> <span class='ocrx_word' id='word_1_179' title='bbox 1260 1535 1520 1576; x_wconf 86' lang='lat' dir='ltr'>humanitate</span> <span class='ocrx_word' id='word_1_180' title='bbox 1543 1541 1586 1577; x_wconf 91' lang='lat' dir='ltr'>et</span> <span class='ocrx_word' id='word_1_181' title='bbox 1607 1536 1905 1578; x_wconf 78' lang='lat' dir='ltr'>misericordia.</span> 
     </span>
     <span class='ocr_line' id='line_1_22' title="bbox 313 1601 1910 1657; baseline -0.005 -6"><span class='ocrx_word' id='word_1_182' title='bbox 313 1610 473 1651; x_wconf 87' lang='lat' dir='ltr'>Videor</span> <span class='ocrx_word' id='word_1_183' title='bbox 495 1609 604 1649; x_wconf 90' lang='lat' dir='ltr'>enim</span> <span class='ocrx_word' id='word_1_184' title='bbox 626 1606 724 1647; x_wconf 85' lang='lat' dir='ltr'>mihi</span> <span class='ocrx_word' id='word_1_185' title='bbox 746 1605 883 1645; x_wconf 88' lang='lat' dir='ltr'>videre</span> <span class='ocrx_word' id='word_1_186' title='bbox 906 1604 1013 1643; x_wconf 91' lang='lat' dir='ltr'>hanc</span> <span class='ocrx_word' id='word_1_187' title='bbox 1043 1603 1201 1650; x_wconf 87' lang='lat' dir='ltr'>urbem,</span> <span class='ocrx_word' id='word_1_188' title='bbox 1236 1601 1371 1642; x_wconf 92' lang='lat' dir='ltr'>lucem</span> <span class='ocrx_word' id='word_1_189' title='bbox 1400 1601 1511 1642; x_wconf 87' lang='lat' dir='ltr'>orbis</span> <span class='ocrx_word' id='word_1_190' title='bbox 1542 1608 1750 1642; x_wconf 89' lang='lat' dir='ltr'>terrarum</span> <span class='ocrx_word' id='word_1_191' title='bbox 1783 1608 1910 1657; x_wconf 86' lang='lat' dir='ltr'>atque</span> 
     </span>
     <span class='ocr_line' id='line_1_23' title="bbox 310 1667 1910 1727; baseline -0.005 -11"><span class='ocrx_word' id='word_1_192' title='bbox 310 1691 449 1716; x_wconf 83' lang='lat' dir='ltr'>arcem</span> <span class='ocrx_word' id='word_1_193' title='bbox 476 1674 658 1714; x_wconf 90' lang='lat' dir='ltr'>omnium</span> <span class='ocrx_word' id='word_1_194' title='bbox 690 1670 892 1727; x_wconf 82' lang='lat' dir='ltr'>gentium,</span> <span class='ocrx_word' id='word_1_195' title='bbox 925 1668 1064 1709; x_wconf 90' lang='lat' dir='ltr'>subito</span> <span class='ocrx_word' id='word_1_196' title='bbox 1096 1682 1177 1708; x_wconf 94' lang='lat' dir='ltr'>uno</span> <span class='ocrx_word' id='word_1_197' title='bbox 1211 1667 1400 1707; x_wconf 90' lang='lat' dir='ltr'>incendio</span> <span class='ocrx_word' id='word_1_198' title='bbox 1435 1667 1749 1708; x_wconf 85' lang='lat' dir='ltr'>concidentem:</span> <span class='ocrx_word' id='word_1_199' title='bbox 1785 1682 1910 1708; x_wconf 88' lang='lat' dir='ltr'>cerno</span> 
     </span>
     <span class='ocr_line' id='line_1_24' title="bbox 307 1732 1906 1793; baseline -0.004 -13"><span class='ocrx_word' id='word_1_200' title='bbox 307 1741 445 1780; x_wconf 87' lang='lat' dir='ltr'>animo</span> <span class='ocrx_word' id='word_1_201' title='bbox 479 1738 642 1793; x_wconf 81' lang='lat' dir='ltr'>sepulta</span> <span class='ocrx_word' id='word_1_202' title='bbox 672 1737 714 1776; x_wconf 88' lang='lat' dir='ltr'>in</span> <span class='ocrx_word' id='word_1_203' title='bbox 745 1735 881 1791; x_wconf 88' lang='lat' dir='ltr'>patria</span> <span class='ocrx_word' id='word_1_204' title='bbox 912 1734 1086 1774; x_wconf 90' lang='lat' dir='ltr'>miseros</span> <span class='ocrx_word' id='word_1_205' title='bbox 1117 1737 1244 1786; x_wconf 89' lang='lat' dir='ltr'>atque</span> <span class='ocrx_word' id='word_1_206' title='bbox 1276 1732 1506 1787; x_wconf 84' lang='lat' dir='ltr'>insepultos</span> <span class='ocrx_word' id='word_1_207' title='bbox 1536 1746 1707 1772; x_wconf 89' lang='lat' dir='ltr'>acervos</span> <span class='ocrx_word' id='word_1_208' title='bbox 1729 1733 1906 1775; x_wconf 86' lang='lat' dir='ltr'>civium:</span> 
     </span>
     <span class='ocr_line' id='line_1_25' title="bbox 309 1797 1909 1854; baseline -0.004 -8"><span class='ocrx_word' id='word_1_209' title='bbox 309 1809 499 1846; x_wconf 84' lang='lat' dir='ltr'>versatur</span> <span class='ocrx_word' id='word_1_210' title='bbox 519 1803 617 1843; x_wconf 90' lang='lat' dir='ltr'>mihi</span> <span class='ocrx_word' id='word_1_211' title='bbox 640 1808 738 1843; x_wconf 85' lang='lat' dir='ltr'>ante</span> <span class='ocrx_word' id='word_1_212' title='bbox 761 1801 903 1841; x_wconf 90' lang='lat' dir='ltr'>oculos</span> <span class='ocrx_word' id='word_1_213' title='bbox 924 1804 1121 1854; x_wconf 87' lang='lat' dir='ltr'>aspectus</span> <span class='ocrx_word' id='word_1_214' title='bbox 1145 1797 1323 1852; x_wconf 80' lang='lat' dir='ltr'>Cethegi</span> <span class='ocrx_word' id='word_1_215' title='bbox 1351 1804 1393 1838; x_wconf 90' lang='lat' dir='ltr'>et</span> <span class='ocrx_word' id='word_1_216' title='bbox 1422 1798 1535 1837; x_wconf 89' lang='lat' dir='ltr'>furor</span> <span class='ocrx_word' id='word_1_217' title='bbox 1557 1797 1597 1837; x_wconf 88' lang='lat' dir='ltr'>in</span> <span class='ocrx_word' id='word_1_218' title='bbox 1620 1804 1758 1839; x_wconf 82' lang='lat' dir='ltr'>vestra</span> <span class='ocrx_word' id='word_1_219' title='bbox 1781 1799 1909 1839; x_wconf 86' lang='lat' dir='ltr'>caede</span> 
     </span>
     <span class='ocr_line' id='line_1_26' title="bbox 308 1862 1906 1919; baseline -0.004 -8"><span class='ocrx_word' id='word_1_220' title='bbox 308 1870 566 1911; x_wconf 85' lang='lat' dir='ltr'>bacchantis.</span> <span class='ocrx_word' id='word_1_221' title='bbox 631 1867 767 1918; x_wconf 77' lang='lat' dir='ltr'>Quum</span> <span class='ocrx_word' id='word_1_222' title='bbox 789 1881 885 1906; x_wconf 90' lang='lat' dir='ltr'>vero</span> <span class='ocrx_word' id='word_1_223' title='bbox 916 1864 1016 1905; x_wconf 89' lang='lat' dir='ltr'>mihi</span> <span class='ocrx_word' id='word_1_224' title='bbox 1045 1863 1241 1919; x_wconf 85' lang='lat' dir='ltr'>proposui</span> <span class='ocrx_word' id='word_1_225' title='bbox 1264 1869 1509 1917; x_wconf 80' lang='lat' dir='ltr'>regnantem</span> <span class='ocrx_word' id='word_1_226' title='bbox 1536 1862 1775 1910; x_wconf 89' lang='lat' dir='ltr'>Lentulum,</span> <span class='ocrx_word' id='word_1_227' title='bbox 1797 1863 1906 1905; x_wconf 86' lang='lat' dir='ltr'>sicut</span> 
     </span>
     <span class='ocr_line' id='line_1_27' title="bbox 307 1930 1903 1992; baseline -0.004 -15"><span class='ocrx_word' id='word_1_228' title='bbox 307 1937 396 1992; x_wconf 86' lang='lat' dir='ltr'>ipse</span> <span class='ocrx_word' id='word_1_229' title='bbox 436 1951 488 1976; x_wconf 89' lang='lat' dir='ltr'>ex</span> <span class='ocrx_word' id='word_1_230' title='bbox 528 1934 626 1975; x_wconf 84' lang='lat' dir='ltr'>satis</span> <span class='ocrx_word' id='word_1_231' title='bbox 666 1948 711 1973; x_wconf 89' lang='lat' dir='ltr'>se</span> <span class='ocrx_word' id='word_1_232' title='bbox 747 1946 936 1986; x_wconf 79' lang='lat' dir='ltr'>sperasse</span> <span class='ocrx_word' id='word_1_233' title='bbox 977 1930 1193 1972; x_wconf 86' lang='lat' dir='ltr'>confessus</span> <span class='ocrx_word' id='word_1_234' title='bbox 1241 1934 1320 1977; x_wconf 88' lang='lat' dir='ltr'>est,</span> <span class='ocrx_word' id='word_1_235' title='bbox 1357 1934 1635 1984; x_wconf 76' lang='lat' dir='ltr'>purpuratum</span> <span class='ocrx_word' id='word_1_236' title='bbox 1676 1944 1766 1970; x_wconf 90' lang='lat' dir='ltr'>esse</span> <span class='ocrx_word' id='word_1_237' title='bbox 1807 1930 1903 1970; x_wconf 89' lang='lat' dir='ltr'>huic</span> 
     </span>
     <span class='ocr_line' id='line_1_28' title="bbox 308 1985 1901 2048; baseline -0.004 -6"><span class='ocrx_word' id='word_1_238' title='bbox 308 2001 548 2048; x_wconf 88' lang='lat' dir='ltr'>Gabinium,</span> <span class='ocrx_word' id='word_1_239' title='bbox 586 2014 682 2040; x_wconf 87' lang='lat' dir='ltr'>cum</span> <span class='ocrx_word' id='word_1_240' title='bbox 720 1997 907 2039; x_wconf 85' lang='lat' dir='ltr'>exercitu</span> <span class='ocrx_word' id='word_1_241' title='bbox 942 1996 1103 2037; x_wconf 86' lang='lat' dir='ltr'>venisse</span> <span class='ocrx_word' id='word_1_242' title='bbox 1145 1995 1381 2044; x_wconf 82' lang='lat' dir='ltr'>Catilinam,</span> <span class='ocrx_word' id='word_1_243' title='bbox 1425 1985 1516 2035; x_wconf 80' lang='lat' dir='ltr'>tum</span> <span class='ocrx_word' id='word_1_244' title='bbox 1555 1994 1901 2036; x_wconf 90' lang='lat' dir='ltr'>lamentationem</span> 
     </span>
     <span class='ocr_line' id='line_1_29' title="bbox 307 2060 1905 2117; baseline -0.004 -10"><span class='ocrx_word' id='word_1_245' title='bbox 307 2065 681 2113; x_wconf 86' lang='lat' dir='ltr'>matrumfamilias,</span> <span class='ocrx_word' id='word_1_246' title='bbox 696 2068 785 2104; x_wconf 90' lang='lat' dir='ltr'>tum</span> <span class='ocrx_word' id='word_1_247' title='bbox 802 2063 943 2117; x_wconf 85' lang='lat' dir='ltr'>fugam</span> <span class='ocrx_word' id='word_1_248' title='bbox 958 2061 1165 2115; x_wconf 84' lang='lat' dir='ltr'>virginum</span> <span class='ocrx_word' id='word_1_249' title='bbox 1185 2065 1311 2115; x_wconf 88' lang='lat' dir='ltr'>atque</span> <span class='ocrx_word' id='word_1_250' title='bbox 1328 2075 1553 2114; x_wconf 88' lang='lat' dir='ltr'>puerorum</span> <span class='ocrx_word' id='word_1_251' title='bbox 1574 2075 1622 2100; x_wconf 89' lang='lat' dir='ltr'>ac</span> <span class='ocrx_word' id='word_1_252' title='bbox 1640 2060 1905 2102; x_wconf 87' lang='lat' dir='ltr'>vexationem</span> 
     </span>
     <span class='ocr_line' id='line_1_30' title="bbox 309 2125 1904 2187; baseline -0.004 -15"><span class='ocrx_word' id='word_1_253' title='bbox 309 2130 556 2187; x_wconf 81' lang='lat' dir='ltr'>[virginum]</span> <span class='ocrx_word' id='word_1_254' title='bbox 584 2129 819 2171; x_wconf 83' lang='lat' dir='ltr'>Vestalium</span> <span class='ocrx_word' id='word_1_255' title='bbox 854 2128 1151 2183; x_wconf 82' lang='lat' dir='ltr'>perhorresco3</span> <span class='ocrx_word' id='word_1_256' title='bbox 1184 2132 1226 2167; x_wconf 90' lang='lat' dir='ltr'>et</span> <span class='ocrx_word' id='word_1_257' title='bbox 1260 2125 1356 2180; x_wconf 87' lang='lat' dir='ltr'>quia</span> <span class='ocrx_word' id='word_1_258' title='bbox 1387 2125 1487 2165; x_wconf 87' lang='lat' dir='ltr'>mihi</span> <span class='ocrx_word' id='word_1_259' title='bbox 1514 2126 1781 2166; x_wconf 89' lang='lat' dir='ltr'>vehementer</span> <span class='ocrx_word' id='word_1_260' title='bbox 1802 2126 1904 2166; x_wconf 89' lang='lat' dir='ltr'>haec</span> 
     </span>
    </p>
   </div>
   <div class='ocr_carea' id='block_1_3' title="bbox 301 2231 1081 2921">
    <p class='ocr_par' dir='ltr' id='par_1_4' title="bbox 302 2231 1081 2750">
     <span class='ocr_line' id='line_1_31' title="bbox 349 2231 1081 2276; baseline -0.01 -8"><span class='ocrx_word' id='word_1_261' title='bbox 349 2240 452 2269; x_wconf 78' lang='lat' dir='ltr'>sancit</span> <span class='ocrx_word' id='word_1_262' title='bbox 474 2239 507 2266; x_wconf 71' lang='lat' dir='ltr'>in</span> <span class='ocrx_word' id='word_1_263' title='bbox 528 2235 721 2276; x_wconf 52' lang='lat' dir='ltr'>pos-lerum]</span> <span class='ocrx_word' id='word_1_264' title='bbox 771 2235 839 2264; x_wconf 88' lang='lat' dir='ltr'>The</span> <span class='ocrx_word' id='word_1_265' title='bbox 863 2231 1022 2263; x_wconf 82' lang='lat' dir='ltr'>‘sanctio’</span> <span class='ocrx_word' id='word_1_266' title='bbox 1046 2243 1081 2262; x_wconf 94' lang='lat' dir='ltr'>or</span> 
     </span>
     <span class='ocr_line' id='line_1_32' title="bbox 305 2276 1080 2321; baseline -0.009 -9"><span class='ocrx_word' id='word_1_267' title='bbox 305 2282 434 2321; x_wconf 82' lang='lat' dir='ltr'>penalty</span> <span class='ocrx_word' id='word_1_268' title='bbox 462 2280 625 2310; x_wconf 80' lang='lat' dir='ltr'>contained</span> <span class='ocrx_word' id='word_1_269' title='bbox 656 2280 688 2308; x_wconf 91' lang='lat' dir='ltr'>in</span> <span class='ocrx_word' id='word_1_270' title='bbox 716 2277 857 2309; x_wconf 87' lang='lat' dir='ltr'>Caesar’s</span> <span class='ocrx_word' id='word_1_271' title='bbox 885 2276 1030 2316; x_wconf 86' lang='lat' dir='ltr'>proposal</span> <span class='ocrx_word' id='word_1_272' title='bbox 1054 2277 1080 2305; x_wconf 90' lang='lat' dir='ltr'>is</span> 
     </span>
     <span class='ocr_line' id='line_1_33' title="bbox 305 2319 1080 2365; baseline -0.009 -10"><span class='ocrx_word' id='word_1_273' title='bbox 305 2324 474 2365; x_wconf 82' lang='lat' dir='ltr'>expressed</span> <span class='ocrx_word' id='word_1_274' title='bbox 487 2324 526 2362; x_wconf 84' lang='lat' dir='ltr'>by</span> <span class='ocrx_word' id='word_1_275' title='bbox 545 2324 598 2352; x_wconf 84' lang='lat' dir='ltr'>the</span> <span class='ocrx_word' id='word_1_276' title='bbox 614 2322 713 2352; x_wconf 84' lang='lat' dir='ltr'>words</span> <span class='ocrx_word' id='word_1_277' title='bbox 731 2326 738 2338; x_wconf 80' lang='lat'><strong><em>⁴</em></strong></span> <span class='ocrx_word' id='word_1_278' title='bbox 751 2332 790 2351; x_wconf 90' lang='lat' dir='ltr'>ne</span> <span class='ocrx_word' id='word_1_279' title='bbox 806 2320 897 2360; x_wconf 82' lang='lat' dir='ltr'>quis,&#39;</span> <span class='ocrx_word' id='word_1_280' title='bbox 916 2322 973 2350; x_wconf 59' lang='lat' dir='ltr'>&amp;cn</span> <span class='ocrx_word' id='word_1_281' title='bbox 1011 2319 1080 2348; x_wconf 88' lang='lat' dir='ltr'>The</span> 
     </span>
     <span class='ocr_line' id='line_1_34' title="bbox 305 2362 1078 2404; baseline -0.008 -7"><span class='ocrx_word' id='word_1_282' title='bbox 305 2368 391 2397; x_wconf 86' lang='lat' dir='ltr'>word</span> <span class='ocrx_word' id='word_1_283' title='bbox 409 2368 548 2396; x_wconf 80' lang='lat' dir='ltr'>‘sancire</span> <span class='ocrx_word' id='word_1_284' title='bbox 560 2367 566 2379; x_wconf 88' lang='lat'>’</span> <span class='ocrx_word' id='word_1_285' title='bbox 585 2367 609 2395; x_wconf 87' lang='lat' dir='ltr'>is</span> <span class='ocrx_word' id='word_1_286' title='bbox 626 2365 788 2404; x_wconf 77' lang='lat' dir='ltr'>explained</span> <span class='ocrx_word' id='word_1_287' title='bbox 806 2364 876 2392; x_wconf 89' lang='lat' dir='ltr'>Vol.</span> <span class='ocrx_word' id='word_1_288' title='bbox 897 2363 923 2392; x_wconf 92' lang='lat' dir='ltr'>I.</span> <span class='ocrx_word' id='word_1_289' title='bbox 942 2363 1030 2392; x_wconf 79' lang='lat' dir='ltr'>Verr.</span> <span class='ocrx_word' id='word_1_290' title='bbox 1046 2362 1078 2391; x_wconf 88' lang='lat' dir='ltr'>ii.</span> 
     </span>
     <span class='ocr_line' id='line_1_35' title="bbox 309 2405 1080 2449; baseline -0.01 -8"><span class='ocrx_word' id='word_1_291' title='bbox 309 2412 335 2441; x_wconf 87' lang='lat' dir='ltr'>l.</span> <span class='ocrx_word' id='word_1_292' title='bbox 350 2421 375 2440; x_wconf 90' lang='lat' dir='ltr'>c.</span> <span class='ocrx_word' id='word_1_293' title='bbox 392 2413 496 2440; x_wconf 62' lang='lat' dir='ltr'>«ta—⁴</span> <span class='ocrx_word' id='word_1_294' title='bbox 509 2407 780 2449; x_wconf 57' lang='lat' dir='ltr'>publicationem?</span> <span class='ocrx_word' id='word_1_295' title='bbox 799 2408 914 2436; x_wconf 86' lang='lat' dir='ltr'>Caesar</span> <span class='ocrx_word' id='word_1_296' title='bbox 926 2405 1080 2444; x_wconf 83' lang='lat' dir='ltr'>proposed</span> 
     </span>
     <span class='ocr_line' id='line_1_36' title="bbox 304 2449 1080 2491; baseline -0.008 -8"><span class='ocrx_word' id='word_1_297' title='bbox 304 2454 374 2483; x_wconf 73' lang='lat' dir='ltr'>that</span> <span class='ocrx_word' id='word_1_298' title='bbox 401 2454 442 2482; x_wconf 90' lang='lat' dir='ltr'>all</span> <span class='ocrx_word' id='word_1_299' title='bbox 472 2453 526 2482; x_wconf 82' lang='lat' dir='ltr'>the</span> <span class='ocrx_word' id='word_1_300' title='bbox 554 2456 700 2491; x_wconf 80' lang='lat' dir='ltr'>property</span> <span class='ocrx_word' id='word_1_301' title='bbox 728 2451 763 2479; x_wconf 87' lang='lat' dir='ltr'>of</span> <span class='ocrx_word' id='word_1_302' title='bbox 790 2450 843 2479; x_wconf 81' lang='lat' dir='ltr'>the</span> <span class='ocrx_word' id='word_1_303' title='bbox 869 2449 1080 2488; x_wconf 78' lang='lat' dir='ltr'>conspirators</span> 
     </span>
     <span class='ocr_line' id='line_1_37' title="bbox 304 2493 1079 2533; baseline -0.008 -7"><span class='ocrx_word' id='word_1_304' title='bbox 304 2497 417 2526; x_wconf 88' lang='lat' dir='ltr'>should</span> <span class='ocrx_word' id='word_1_305' title='bbox 436 2496 562 2525; x_wconf 85' lang='lat' dir='ltr'>become</span> <span class='ocrx_word' id='word_1_306' title='bbox 579 2494 702 2533; x_wconf 80' lang='lat' dir='ltr'>public;</span> <span class='ocrx_word' id='word_1_307' title='bbox 727 2493 783 2522; x_wconf 84' lang='lat' dir='ltr'>but</span> <span class='ocrx_word' id='word_1_308' title='bbox 800 2494 888 2521; x_wconf 79' lang='lat' dir='ltr'>when</span> <span class='ocrx_word' id='word_1_309' title='bbox 910 2493 963 2521; x_wconf 87' lang='lat' dir='ltr'>thc</span> <span class='ocrx_word' id='word_1_310' title='bbox 980 2493 1079 2530; x_wconf 81' lang='lat' dir='ltr'>majo-</span> 
     </span>
     <span class='ocr_line' id='line_1_38' title="bbox 303 2534 1081 2579; baseline -0.008 -10"><span class='ocrx_word' id='word_1_311' title='bbox 303 2540 364 2579; x_wconf 86' lang='lat' dir='ltr'>rity</span> <span class='ocrx_word' id='word_1_312' title='bbox 382 2539 473 2569; x_wconf 88' lang='lat' dir='ltr'>voted</span> <span class='ocrx_word' id='word_1_313' title='bbox 498 2539 546 2567; x_wconf 85' lang='lat' dir='ltr'>for</span> <span class='ocrx_word' id='word_1_314' title='bbox 571 2538 624 2566; x_wconf 85' lang='lat' dir='ltr'>the</span> <span class='ocrx_word' id='word_1_315' title='bbox 649 2537 761 2575; x_wconf 86' lang='lat' dir='ltr'>capital</span> <span class='ocrx_word' id='word_1_316' title='bbox 786 2536 1001 2575; x_wconf 83' lang='lat' dir='ltr'>punishment,</span> <span class='ocrx_word' id='word_1_317' title='bbox 1019 2534 1081 2564; x_wconf 85' lang='lat' dir='ltr'>and</span> 
     </span>
     <span class='ocr_line' id='line_1_39' title="bbox 304 2578 1078 2612; baseline -0.008 0"><span class='ocrx_word' id='word_1_318' title='bbox 304 2583 407 2612; x_wconf 85' lang='lat' dir='ltr'>would</span> <span class='ocrx_word' id='word_1_319' title='bbox 429 2583 507 2611; x_wconf 85' lang='lat' dir='ltr'>have</span> <span class='ocrx_word' id='word_1_320' title='bbox 523 2580 621 2610; x_wconf 85' lang='lat' dir='ltr'>added</span> <span class='ocrx_word' id='word_1_321' title='bbox 643 2580 844 2609; x_wconf 76' lang='lat' dir='ltr'>confiscation</span> <span class='ocrx_word' id='word_1_322' title='bbox 861 2582 893 2607; x_wconf 84' lang='lat' dir='ltr'>to</span> <span class='ocrx_word' id='word_1_323' title='bbox 911 2579 945 2612; x_wconf 84' lang='lat' dir='ltr'>it,</span> <span class='ocrx_word' id='word_1_324' title='bbox 965 2578 1078 2607; x_wconf 81' lang='lat' dir='ltr'>Caesar</span> 
     </span>
     <span class='ocr_line' id='line_1_40' title="bbox 304 2621 1078 2660; baseline -0.008 -5"><span class='ocrx_word' id='word_1_325' title='bbox 304 2626 405 2655; x_wconf 89' lang='lat' dir='ltr'>would</span> <span class='ocrx_word' id='word_1_326' title='bbox 428 2629 483 2654; x_wconf 88' lang='lat' dir='ltr'>not</span> <span class='ocrx_word' id='word_1_327' title='bbox 504 2628 635 2653; x_wconf 79' lang='lat' dir='ltr'>consent</span> <span class='ocrx_word' id='word_1_328' title='bbox 658 2623 726 2652; x_wconf 88' lang='lat' dir='ltr'>that</span> <span class='ocrx_word' id='word_1_329' title='bbox 749 2622 823 2660; x_wconf 80' lang='lat' dir='ltr'>they</span> <span class='ocrx_word' id='word_1_330' title='bbox 847 2621 960 2650; x_wconf 83' lang='lat' dir='ltr'>should</span> <span class='ocrx_word' id='word_1_331' title='bbox 983 2621 1078 2659; x_wconf 83' lang='lat' dir='ltr'>reject</span> 
     </span>
     <span class='ocr_line' id='line_1_41' title="bbox 303 2663 1078 2707; baseline -0.008 -9"><span class='ocrx_word' id='word_1_332' title='bbox 303 2669 358 2698; x_wconf 84' lang='lat' dir='ltr'>the</span> <span class='ocrx_word' id='word_1_333' title='bbox 374 2669 448 2698; x_wconf 89' lang='lat' dir='ltr'>mild</span> <span class='ocrx_word' id='word_1_334' title='bbox 471 2671 540 2707; x_wconf 86' lang='lat' dir='ltr'>part</span> <span class='ocrx_word' id='word_1_335' title='bbox 562 2666 597 2695; x_wconf 84' lang='lat' dir='ltr'>of</span> <span class='ocrx_word' id='word_1_336' title='bbox 617 2666 664 2695; x_wconf 86' lang='lat' dir='ltr'>his</span> <span class='ocrx_word' id='word_1_337' title='bbox 686 2664 830 2704; x_wconf 80' lang='lat' dir='ltr'>proposal</span> <span class='ocrx_word' id='word_1_338' title='bbox 851 2664 910 2693; x_wconf 88' lang='lat' dir='ltr'>and</span> <span class='ocrx_word' id='word_1_339' title='bbox 936 2664 1008 2692; x_wconf 80' lang='lat' dir='ltr'>take</span> <span class='ocrx_word' id='word_1_340' title='bbox 1023 2663 1078 2692; x_wconf 86' lang='lat' dir='ltr'>the</span> 
     </span>
     <span class='ocr_line' id='line_1_42' title="bbox 302 2707 981 2750; baseline -0.009 -9"><span class='ocrx_word' id='word_1_341' title='bbox 302 2716 437 2741; x_wconf 70' lang='lat' dir='ltr'>sever-est</span> <span class='ocrx_word' id='word_1_342' title='bbox 454 2714 522 2750; x_wconf 87' lang='lat' dir='ltr'>part</span> <span class='ocrx_word' id='word_1_343' title='bbox 541 2709 716 2749; x_wconf 79' lang='lat' dir='ltr'>(Plutarch,</span> <span class='ocrx_word' id='word_1_344' title='bbox 734 2708 854 2741; x_wconf 78' lang='lat' dir='ltr'>Cicero,</span> <span class='ocrx_word' id='word_1_345' title='bbox 872 2718 897 2736; x_wconf 82' lang='lat' dir='ltr'>c.</span> <span class='ocrx_word' id='word_1_346' title='bbox 916 2707 981 2745; x_wconf 79' lang='lat'>21).</span> 
     </span>
    </p>

    <p class='ocr_par' dir='ltr' id='par_1_5' title="bbox 301 2749 1076 2921">
     <span class='ocr_line' id='line_1_43' title="bbox 347 2749 1076 2792; baseline -0.011 -8"><span class='ocrx_word' id='word_1_347' title='bbox 347 2757 376 2784; x_wconf 80' lang='lat'>6.</span> <span class='ocrx_word' id='word_1_348' title='bbox 403 2754 578 2792; x_wconf 63' lang='lat' dir='ltr'>defendetis</span> <span class='ocrx_word' id='word_1_349' title='bbox 591 2753 617 2791; x_wconf 88' lang='lat'>,·]</span> <span class='ocrx_word' id='word_1_350' title='bbox 668 2754 685 2767; x_wconf 66' lang='lat'>⁴⁴</span> <span class='ocrx_word' id='word_1_351' title='bbox 701 2751 762 2779; x_wconf 77' lang='lat' dir='ltr'>Vos</span> <span class='ocrx_word' id='word_1_352' title='bbox 779 2750 971 2779; x_wconf 71' lang='lat' dir='ltr'>crtulelitatis</span> <span class='ocrx_word' id='word_1_353' title='bbox 996 2749 1076 2777; x_wconf 84' lang='lat' dir='ltr'>vitu-</span> 
     </span>
     <span class='ocr_line' id='line_1_44' title="bbox 301 2791 1075 2836; baseline -0.01 -9"><span class='ocrx_word' id='word_1_354' title='bbox 301 2796 606 2836; x_wconf 80' lang='lat' dir='ltr'>perationepopulus</span> <span class='ocrx_word' id='word_1_355' title='bbox 614 2796 774 2824; x_wconf 84' lang='lat' dir='ltr'>Romanus</span> <span class='ocrx_word' id='word_1_356' title='bbox 785 2791 957 2827; x_wconf 66' lang='lat' dir='ltr'>exsolvet,‘’</span> <span class='ocrx_word' id='word_1_357' title='bbox 970 2792 1075 2827; x_wconf 82' lang='lat' dir='ltr'>llalm,</span> 
     </span>
     <span class='ocr_line' id='line_1_45' title="bbox 301 2835 1075 2878; baseline -0.008 -9"><span class='ocrx_word' id='word_1_358' title='bbox 301 2840 462 2878; x_wconf 84' lang='lat' dir='ltr'>following</span> <span class='ocrx_word' id='word_1_359' title='bbox 478 2838 633 2877; x_wconf 82' lang='lat' dir='ltr'>Madvig&#39;s</span> <span class='ocrx_word' id='word_1_360' title='bbox 645 2836 854 2867; x_wconf 81' lang='lat' dir='ltr'>emendation.</span> <span class='ocrx_word' id='word_1_361' title='bbox 887 2835 956 2864; x_wconf 83' lang='lat' dir='ltr'>The</span> <span class='ocrx_word' id='word_1_362' title='bbox 968 2845 1075 2864; x_wconf 86' lang='lat' dir='ltr'>emen-</span> 
     </span>
     <span class='ocr_line' id='line_1_46' title="bbox 302 2877 1075 2921; baseline -0.008 -9"><span class='ocrx_word' id='word_1_363' title='bbox 302 2883 408 2912; x_wconf 86' lang='lat' dir='ltr'>dation</span> <span class='ocrx_word' id='word_1_364' title='bbox 426 2884 450 2912; x_wconf 88' lang='lat' dir='ltr'>is</span> <span class='ocrx_word' id='word_1_365' title='bbox 465 2883 505 2921; x_wconf 94' lang='lat' dir='ltr'>by</span> <span class='ocrx_word' id='word_1_366' title='bbox 522 2892 562 2911; x_wconf 93' lang='lat' dir='ltr'>no</span> <span class='ocrx_word' id='word_1_367' title='bbox 579 2890 686 2911; x_wconf 89' lang='lat' dir='ltr'>means</span> <span class='ocrx_word' id='word_1_368' title='bbox 702 2879 829 2909; x_wconf 84' lang='lat' dir='ltr'>certain.</span> <span class='ocrx_word' id='word_1_369' title='bbox 875 2877 943 2907; x_wconf 87' lang='lat' dir='ltr'>The</span> <span class='ocrx_word' id='word_1_370' title='bbox 960 2881 1026 2907; x_wconf 81' lang='lat' dir='ltr'>text</span> <span class='ocrx_word' id='word_1_371' title='bbox 1042 2887 1075 2907; x_wconf 88' lang='lat' dir='ltr'>as</span> 
     </span>
    </p>
   </div>
   <div class='ocr_carea' id='block_1_4' title="bbox 302 2922 929 2964">
    <p class='ocr_par' dir='ltr' id='par_1_6' title="bbox 302 2922 929 2964">
     <span class='ocr_line' id='line_1_47' title="bbox 302 2922 929 2964; baseline -0.011 -8"><span class='ocrx_word' id='word_1_372' title='bbox 302 2926 327 2956; x_wconf 89' lang='lat' dir='ltr'>it</span> <span class='ocrx_word' id='word_1_373' title='bbox 343 2926 450 2956; x_wconf 78' lang='lat' dir='ltr'>stands</span> <span class='ocrx_word' id='word_1_374' title='bbox 466 2925 564 2955; x_wconf 86' lang='lat' dir='ltr'>above</span> <span class='ocrx_word' id='word_1_375' title='bbox 579 2925 606 2954; x_wconf 86' lang='lat' dir='ltr'>is</span> <span class='ocrx_word' id='word_1_376' title='bbox 621 2922 773 2964; x_wconf 80' lang='lat' dir='ltr'>probably</span> <span class='ocrx_word' id='word_1_377' title='bbox 789 2924 929 2960; x_wconf 85' lang='lat' dir='ltr'>corrupt.</span> 
     </span>
    </p>
   </div>
   <div class='ocr_carea' id='block_1_5' title="bbox 1124 2231 1903 2614">
    <p class='ocr_par' dir='ltr' id='par_1_7' title="bbox 1124 2231 1903 2574">
     <span class='ocr_line' id='line_1_48' title="bbox 1169 2231 1901 2271; baseline 0.001 -10"><span class='ocrx_word' id='word_1_378' title='bbox 1169 2232 1294 2271; x_wconf 76' lang='lat' dir='ltr'>sepulta</span> <span class='ocrx_word' id='word_1_379' title='bbox 1321 2233 1354 2261; x_wconf 81' lang='lat' dir='ltr'>in</span> <span class='ocrx_word' id='word_1_380' title='bbox 1376 2231 1505 2271; x_wconf 77' lang='lat' dir='ltr'>palria]</span> <span class='ocrx_word' id='word_1_381' title='bbox 1554 2231 1623 2261; x_wconf 85' lang='lat' dir='ltr'>The</span> <span class='ocrx_word' id='word_1_382' title='bbox 1649 2231 1740 2261; x_wconf 86' lang='lat' dir='ltr'>other</span> <span class='ocrx_word' id='word_1_383' title='bbox 1763 2232 1901 2271; x_wconf 84' lang='lat' dir='ltr'>reading,</span> 
     </span>
     <span class='ocr_line' id='line_1_49' title="bbox 1127 2275 1903 2314; baseline 0.001 -10"><span class='ocrx_word' id='word_1_384' title='bbox 1127 2278 1134 2292; x_wconf 88' lang='lat'>‘</span> <span class='ocrx_word' id='word_1_385' title='bbox 1149 2275 1305 2313; x_wconf 81' lang='lat' dir='ltr'>sepultam</span> <span class='ocrx_word' id='word_1_386' title='bbox 1333 2275 1487 2314; x_wconf 76' lang='lat' dir='ltr'>patriam,’</span> <span class='ocrx_word' id='word_1_387' title='bbox 1513 2275 1538 2304; x_wconf 91' lang='lat' dir='ltr'>is</span> <span class='ocrx_word' id='word_1_388' title='bbox 1562 2285 1579 2303; x_wconf 88' lang='lat' dir='ltr'>a</span> <span class='ocrx_word' id='word_1_389' title='bbox 1602 2275 1753 2303; x_wconf 86' lang='lat' dir='ltr'>variation</span> <span class='ocrx_word' id='word_1_390' title='bbox 1777 2285 1812 2304; x_wconf 89' lang='lat' dir='ltr'>or</span> <span class='ocrx_word' id='word_1_391' title='bbox 1835 2286 1903 2305; x_wconf 89' lang='lat' dir='ltr'>cor-</span> 
     </span>
     <span class='ocr_line' id='line_1_50' title="bbox 1124 2317 1902 2357; baseline 0 -9"><span class='ocrx_word' id='word_1_392' title='bbox 1124 2319 1252 2357; x_wconf 85' lang='lat' dir='ltr'>ruption</span> <span class='ocrx_word' id='word_1_393' title='bbox 1283 2318 1384 2347; x_wconf 80' lang='lat' dir='ltr'>which</span> <span class='ocrx_word' id='word_1_394' title='bbox 1415 2318 1440 2346; x_wconf 86' lang='lat' dir='ltr'>is</span> <span class='ocrx_word' id='word_1_395' title='bbox 1470 2317 1566 2356; x_wconf 85' lang='lat' dir='ltr'>easily</span> <span class='ocrx_word' id='word_1_396' title='bbox 1597 2317 1772 2355; x_wconf 81' lang='lat' dir='ltr'>explained,</span> <span class='ocrx_word' id='word_1_397' title='bbox 1804 2318 1832 2347; x_wconf 86' lang='lat' dir='ltr'>if</span> <span class='ocrx_word' id='word_1_398' title='bbox 1858 2329 1902 2348; x_wconf 84' lang='lat' dir='ltr'>we</span> 
     </span>
     <span class='ocr_line' id='line_1_51' title="bbox 1124 2360 1903 2399; baseline 0.001 -9"><span class='ocrx_word' id='word_1_399' title='bbox 1124 2371 1249 2390; x_wconf 85' lang='lat' dir='ltr'>assume</span> <span class='ocrx_word' id='word_1_400' title='bbox 1272 2361 1326 2389; x_wconf 89' lang='lat' dir='ltr'>the</span> <span class='ocrx_word' id='word_1_401' title='bbox 1349 2361 1477 2399; x_wconf 86' lang='lat' dir='ltr'>reading</span> <span class='ocrx_word' id='word_1_402' title='bbox 1499 2360 1532 2389; x_wconf 88' lang='lat' dir='ltr'>in</span> <span class='ocrx_word' id='word_1_403' title='bbox 1556 2360 1610 2389; x_wconf 85' lang='lat' dir='ltr'>the</span> <span class='ocrx_word' id='word_1_404' title='bbox 1636 2364 1702 2389; x_wconf 82' lang='lat' dir='ltr'>text</span> <span class='ocrx_word' id='word_1_405' title='bbox 1726 2364 1759 2389; x_wconf 88' lang='lat' dir='ltr'>to</span> <span class='ocrx_word' id='word_1_406' title='bbox 1785 2361 1823 2390; x_wconf 91' lang='lat' dir='ltr'>be</span> <span class='ocrx_word' id='word_1_407' title='bbox 1848 2363 1903 2391; x_wconf 81' lang='lat' dir='ltr'>the</span> 
     </span>
     <span class='ocr_line' id='line_1_52' title="bbox 1125 2403 1902 2443; baseline 0.001 -10"><span class='ocrx_word' id='word_1_408' title='bbox 1125 2404 1260 2443; x_wconf 84' lang='lat' dir='ltr'>genuine</span> <span class='ocrx_word' id='word_1_409' title='bbox 1276 2403 1395 2439; x_wconf 87' lang='lat' dir='ltr'>words;</span> <span class='ocrx_word' id='word_1_410' title='bbox 1420 2403 1481 2432; x_wconf 89' lang='lat' dir='ltr'>and</span> <span class='ocrx_word' id='word_1_411' title='bbox 1502 2403 1557 2432; x_wconf 86' lang='lat' dir='ltr'>the</span> <span class='ocrx_word' id='word_1_412' title='bbox 1577 2403 1742 2432; x_wconf 80' lang='lat' dir='ltr'>antithesis</span> <span class='ocrx_word' id='word_1_413' title='bbox 1760 2408 1766 2420; x_wconf 86' lang='lat'>‘</span> <span class='ocrx_word' id='word_1_414' title='bbox 1779 2405 1902 2443; x_wconf 85' lang='lat' dir='ltr'>sepulta</span> 
     </span>
     <span class='ocr_line' id='line_1_53' title="bbox 1124 2446 1901 2486; baseline 0.001 -10"><span class='ocrx_word' id='word_1_415' title='bbox 1124 2448 1157 2477; x_wconf 88' lang='lat' dir='ltr'>in</span> <span class='ocrx_word' id='word_1_416' title='bbox 1174 2447 1294 2486; x_wconf 72' lang='lat' dir='ltr'>patria&#39;</span> <span class='ocrx_word' id='word_1_417' title='bbox 1312 2446 1373 2475; x_wconf 89' lang='lat' dir='ltr'>and</span> <span class='ocrx_word' id='word_1_418' title='bbox 1391 2446 1585 2485; x_wconf 81' lang='lat' dir='ltr'>‘insepultos</span> <span class='ocrx_word' id='word_1_419' title='bbox 1608 2456 1733 2475; x_wconf 85' lang='lat' dir='ltr'>acervos</span> <span class='ocrx_word' id='word_1_420' title='bbox 1746 2446 1753 2458; x_wconf 83' lang='lat'>&#39;</span> <span class='ocrx_word' id='word_1_421' title='bbox 1778 2447 1803 2476; x_wconf 88' lang='lat' dir='ltr'>is</span> <span class='ocrx_word' id='word_1_422' title='bbox 1827 2448 1901 2477; x_wconf 86' lang='lat' dir='ltr'>thus</span> 
     </span>
     <span class='ocr_line' id='line_1_54' title="bbox 1126 2489 1900 2528; baseline 0.001 -9"><span class='ocrx_word' id='word_1_423' title='bbox 1126 2501 1212 2519; x_wconf 83' lang='lat' dir='ltr'>more</span> <span class='ocrx_word' id='word_1_424' title='bbox 1242 2490 1405 2528; x_wconf 86' lang='lat' dir='ltr'>complete.</span> <span class='ocrx_word' id='word_1_425' title='bbox 1455 2489 1549 2517; x_wconf 82' lang='lat' dir='ltr'>Halm</span> <span class='ocrx_word' id='word_1_426' title='bbox 1581 2499 1742 2528; x_wconf 87' lang='lat' dir='ltr'>compares</span> <span class='ocrx_word' id='word_1_427' title='bbox 1773 2490 1900 2520; x_wconf 87' lang='lat' dir='ltr'>Tacitus</span> 
     </span>
     <span class='ocr_line' id='line_1_55' title="bbox 1127 2531 1802 2574; baseline -0.001 -12"><span class='ocrx_word' id='word_1_428' title='bbox 1127 2534 1227 2574; x_wconf 76' lang='lat' dir='ltr'>(Hist.</span> <span class='ocrx_word' id='word_1_429' title='bbox 1245 2533 1286 2562; x_wconf 90' lang='lat' dir='ltr'>iii.</span> <span class='ocrx_word' id='word_1_430' title='bbox 1304 2532 1371 2571; x_wconf 80' lang='lat'>35),</span> <span class='ocrx_word' id='word_1_431' title='bbox 1391 2536 1397 2548; x_wconf 71' lang='lat'>⁶</span> <span class='ocrx_word' id='word_1_432' title='bbox 1413 2532 1553 2570; x_wconf 76' lang='lat' dir='ltr'>sepultae</span> <span class='ocrx_word' id='word_1_433' title='bbox 1570 2531 1654 2560; x_wconf 88' lang='lat' dir='ltr'>urbis</span> <span class='ocrx_word' id='word_1_434' title='bbox 1671 2532 1802 2562; x_wconf 57' lang='lat' dir='ltr'>ruinae!</span> 
     </span>
    </p>

    <p class='ocr_par' dir='ltr' id='par_1_8' title="bbox 1166 2574 1898 2614">
     <span class='ocr_line' id='line_1_56' title="bbox 1166 2574 1898 2614; baseline 0.001 -9"><span class='ocrx_word' id='word_1_435' title='bbox 1166 2577 1240 2606; x_wconf 70' lang='lat' dir='ltr'>hnic</span> <span class='ocrx_word' id='word_1_436' title='bbox 1270 2574 1468 2613; x_wconf 58' lang='lat' dir='ltr'>Gabbaram]</span> <span class='ocrx_word' id='word_1_437' title='bbox 1517 2574 1585 2603; x_wconf 89' lang='lat' dir='ltr'>The</span> <span class='ocrx_word' id='word_1_438' title='bbox 1609 2575 1700 2604; x_wconf 86' lang='lat' dir='ltr'>other</span> <span class='ocrx_word' id='word_1_439' title='bbox 1721 2576 1849 2614; x_wconf 84' lang='lat' dir='ltr'>reading</span> <span class='ocrx_word' id='word_1_440' title='bbox 1873 2576 1898 2606; x_wconf 85' lang='lat' dir='ltr'>is</span> 
     </span>
    </p>
   </div>
   <div class='ocr_carea' id='block_1_6' title="bbox 1123 2618 1948 2658">
    <p class='ocr_par' dir='ltr' id='par_1_9' title="bbox 1123 2618 1948 2658">
     <span class='ocr_line' id='line_1_57' title="bbox 1123 2618 1948 2658; baseline 0.001 -10"><span class='ocrx_word' id='word_1_441' title='bbox 1123 2622 1130 2636; x_wconf 81' lang='lat'>‘</span> <span class='ocrx_word' id='word_1_442' title='bbox 1145 2618 1252 2653; x_wconf 86' lang='lat' dir='ltr'>huuc,’</span> <span class='ocrx_word' id='word_1_443' title='bbox 1268 2619 1317 2647; x_wconf 86' lang='lat' dir='ltr'>for</span> <span class='ocrx_word' id='word_1_444' title='bbox 1333 2618 1433 2647; x_wconf 86' lang='lat' dir='ltr'>which</span> <span class='ocrx_word' id='word_1_445' title='bbox 1458 2618 1547 2647; x_wconf 82' lang='lat' dir='ltr'>there</span> <span class='ocrx_word' id='word_1_446' title='bbox 1570 2618 1595 2646; x_wconf 83' lang='lat' dir='ltr'>is</span> <span class='ocrx_word' id='word_1_447' title='bbox 1619 2618 1673 2646; x_wconf 87' lang='lat' dir='ltr'>the</span> <span class='ocrx_word' id='word_1_448' title='bbox 1689 2619 1849 2658; x_wconf 82' lang='lat' dir='ltr'>authority</span> <span class='ocrx_word' id='word_1_449' title='bbox 1867 2620 1902 2649; x_wconf 87' lang='lat' dir='ltr'>of</span> <span class='ocrx_word' id='word_1_450' title='bbox 1944 2626 1948 2629; x_wconf 89' lang='lat'>&#39;</span> 
     </span>
    </p>
   </div>
   <div class='ocr_carea' id='block_1_7' title="bbox 1119 2660 1898 2959">
    <p class='ocr_par' dir='ltr' id='par_1_10' title="bbox 1119 2660 1898 2959">
     <span class='ocr_line' id='line_1_58' title="bbox 1122 2660 1898 2700; baseline 0 -9"><span class='ocrx_word' id='word_1_451' title='bbox 1122 2672 1208 2691; x_wconf 83' lang='lat' dir='ltr'>more</span> <span class='ocrx_word' id='word_1_452' title='bbox 1232 2661 1346 2697; x_wconf 84' lang='lat' dir='ltr'>MSS.;</span> <span class='ocrx_word' id='word_1_453' title='bbox 1373 2660 1429 2689; x_wconf 87' lang='lat' dir='ltr'>but</span> <span class='ocrx_word' id='word_1_454' title='bbox 1455 2661 1548 2689; x_wconf 88' lang='lat' dir='ltr'>Halm</span> <span class='ocrx_word' id='word_1_455' title='bbox 1575 2660 1629 2689; x_wconf 83' lang='lat' dir='ltr'>has</span> <span class='ocrx_word' id='word_1_456' title='bbox 1655 2661 1735 2690; x_wconf 86' lang='lat' dir='ltr'>(lone</span> <span class='ocrx_word' id='word_1_457' title='bbox 1759 2662 1841 2700; x_wconf 83' lang='lat' dir='ltr'>right</span> <span class='ocrx_word' id='word_1_458' title='bbox 1865 2662 1898 2692; x_wconf 84' lang='lat' dir='ltr'>in</span> 
     </span>
     <span class='ocr_line' id='line_1_59' title="bbox 1122 2703 1897 2744; baseline 0 -10"><span class='ocrx_word' id='word_1_459' title='bbox 1122 2705 1295 2744; x_wconf 80' lang='lat' dir='ltr'>prefer-ring</span> <span class='ocrx_word' id='word_1_460' title='bbox 1316 2703 1428 2738; x_wconf 79' lang='lat' dir='ltr'>‘huic,’</span> <span class='ocrx_word' id='word_1_461' title='bbox 1454 2703 1553 2732; x_wconf 88' lang='lat' dir='ltr'>which</span> <span class='ocrx_word' id='word_1_462' title='bbox 1578 2714 1684 2732; x_wconf 82' lang='lat' dir='ltr'>means</span> <span class='ocrx_word' id='word_1_463' title='bbox 1709 2704 1777 2733; x_wconf 86' lang='lat' dir='ltr'>that</span> <span class='ocrx_word' id='word_1_464' title='bbox 1801 2705 1897 2734; x_wconf 86' lang='lat' dir='ltr'>Gabi-</span> 
     </span>
     <span class='ocr_line' id='line_1_60' title="bbox 1122 2745 1896 2786; baseline 0 -9"><span class='ocrx_word' id='word_1_465' title='bbox 1122 2749 1192 2777; x_wconf 89' lang='lat' dir='ltr'>nius</span> <span class='ocrx_word' id='word_1_466' title='bbox 1209 2748 1233 2776; x_wconf 91' lang='lat' dir='ltr'>is</span> <span class='ocrx_word' id='word_1_467' title='bbox 1250 2758 1267 2776; x_wconf 93' lang='lat' dir='ltr'>a</span> <span class='ocrx_word' id='word_1_468' title='bbox 1284 2750 1495 2786; x_wconf 82' lang='lat' dir='ltr'>‘purpuratus</span> <span class='ocrx_word' id='word_1_469' title='bbox 1509 2745 1515 2757; x_wconf 91' lang='lat'>’</span> <span class='ocrx_word' id='word_1_470' title='bbox 1540 2750 1572 2775; x_wconf 89' lang='lat' dir='ltr'>to</span> <span class='ocrx_word' id='word_1_471' title='bbox 1596 2746 1760 2781; x_wconf 76' lang='lat' dir='ltr'>Lentulus,</span> <span class='ocrx_word' id='word_1_472' title='bbox 1778 2747 1847 2777; x_wconf 89' lang='lat' dir='ltr'>who</span> <span class='ocrx_word' id='word_1_473' title='bbox 1871 2749 1896 2777; x_wconf 86' lang='lat' dir='ltr'>is</span> 
     </span>
     <span class='ocr_line' id='line_1_61' title="bbox 1122 2789 1896 2830; baseline 0 -10"><span class='ocrx_word' id='word_1_474' title='bbox 1122 2791 1277 2830; x_wconf 87' lang='lat' dir='ltr'>supposed</span> <span class='ocrx_word' id='word_1_475' title='bbox 1294 2794 1326 2819; x_wconf 88' lang='lat' dir='ltr'>to</span> <span class='ocrx_word' id='word_1_476' title='bbox 1343 2789 1382 2818; x_wconf 89' lang='lat' dir='ltr'>be</span> <span class='ocrx_word' id='word_1_477' title='bbox 1398 2800 1416 2818; x_wconf 89' lang='lat' dir='ltr'>a</span> <span class='ocrx_word' id='word_1_478' title='bbox 1435 2789 1521 2827; x_wconf 86' lang='lat' dir='ltr'>king.</span> <span class='ocrx_word' id='word_1_479' title='bbox 1568 2790 1597 2818; x_wconf 92' lang='lat' dir='ltr'>A</span> <span class='ocrx_word' id='word_1_480' title='bbox 1619 2793 1829 2828; x_wconf 83' lang='lat' dir='ltr'>‘purpuratus</span> <span class='ocrx_word' id='word_1_481' title='bbox 1841 2791 1848 2803; x_wconf 90' lang='lat'>’</span> <span class='ocrx_word' id='word_1_482' title='bbox 1870 2791 1896 2820; x_wconf 91' lang='lat' dir='ltr'>is</span> 
     </span>
     <span class='ocr_line' id='line_1_62' title="bbox 1119 2832 1896 2872; baseline 0 -9"><span class='ocrx_word' id='word_1_483' title='bbox 1119 2844 1138 2863; x_wconf 88' lang='lat' dir='ltr'>a</span> <span class='ocrx_word' id='word_1_484' title='bbox 1154 2844 1226 2863; x_wconf 89' lang='lat' dir='ltr'>man</span> <span class='ocrx_word' id='word_1_485' title='bbox 1243 2833 1367 2862; x_wconf 76' lang='lat' dir='ltr'>dressed</span> <span class='ocrx_word' id='word_1_486' title='bbox 1384 2832 1415 2861; x_wconf 88' lang='lat' dir='ltr'>in</span> <span class='ocrx_word' id='word_1_487' title='bbox 1438 2832 1558 2871; x_wconf 78' lang='lat' dir='ltr'>purple,</span> <span class='ocrx_word' id='word_1_488' title='bbox 1575 2842 1593 2860; x_wconf 86' lang='lat' dir='ltr'>a</span> <span class='ocrx_word' id='word_1_489' title='bbox 1613 2836 1700 2871; x_wconf 74' lang='lat' dir='ltr'>great</span> <span class='ocrx_word' id='word_1_490' title='bbox 1724 2843 1896 2872; x_wconf 84' lang='lat' dir='ltr'>personage</span> 
     </span>
     <span class='ocr_line' id='line_1_63' title="bbox 1119 2876 1895 2915; baseline 0 -9"><span class='ocrx_word' id='word_1_491' title='bbox 1119 2876 1216 2906; x_wconf 87' lang='lat' dir='ltr'>about</span> <span class='ocrx_word' id='word_1_492' title='bbox 1232 2886 1250 2905; x_wconf 88' lang='lat' dir='ltr'>a</span> <span class='ocrx_word' id='word_1_493' title='bbox 1266 2877 1341 2914; x_wconf 85' lang='lat' dir='ltr'>king</span> <span class='ocrx_word' id='word_1_494' title='bbox 1355 2887 1362 2904; x_wconf 75' lang='grc' dir='ltr'>ι</span> <span class='ocrx_word' id='word_1_495' title='bbox 1388 2878 1406 2891; x_wconf 81' lang='lat'><em>“</em></span> <span class='ocrx_word' id='word_1_496' title='bbox 1421 2876 1588 2914; x_wconf 73' lang='lat' dir='ltr'>Sopatrum</span> <span class='ocrx_word' id='word_1_497' title='bbox 1607 2885 1643 2904; x_wconf 78' lang='lat' dir='ltr'>cx</span> <span class='ocrx_word' id='word_1_498' title='bbox 1668 2876 1847 2915; x_wconf 84' lang='lat' dir='ltr'>purpuratis</span> <span class='ocrx_word' id='word_1_499' title='bbox 1864 2880 1895 2906; x_wconf 88' lang='lat' dir='ltr'>et</span> 
     </span>
     <span class='ocr_line' id='line_1_64' title="bbox 1120 2917 1837 2959; baseline -0.001 -10"><span class='ocrx_word' id='word_1_500' title='bbox 1120 2919 1304 2959; x_wconf 87' lang='lat' dir='ltr'>propinquis</span> <span class='ocrx_word' id='word_1_501' title='bbox 1320 2918 1400 2957; x_wconf 88' lang='lat' dir='ltr'>regis</span> <span class='ocrx_word' id='word_1_502' title='bbox 1417 2917 1520 2948; x_wconf 81' lang='lat' dir='ltr'>esse.’&#39;</span> <span class='ocrx_word' id='word_1_503' title='bbox 1566 2918 1656 2957; x_wconf 86' lang='lat' dir='ltr'>Livy,</span> <span class='ocrx_word' id='word_1_504' title='bbox 1674 2919 1725 2948; x_wconf 78' lang='lat'>30.</span> <span class='ocrx_word' id='word_1_505' title='bbox 1743 2929 1769 2949; x_wconf 89' lang='lat' dir='ltr'>c.</span> <span class='ocrx_word' id='word_1_506' title='bbox 1788 2921 1837 2949; x_wconf 79' lang='lat'>42.</span> 
     </span>
    </p>
   </div>
  </div>
 </body>
</html>
