2063 3242
294 217 377 257 452
532 214 713 257 ORAT.
745 214 829 256 DE
863 211 1291 255 HARUSPICUM
1325 210 1666 255 RESPONSIS

297 329 420 371 multi
441 334 541 371 sunt
562 329 688 372 etiam
710 329 752 371 in
776 330 857 371 hoc
883 329 1039 380 ordine,
1063 328 1134 384 qui
1161 327 1369 370 sacrificia
1396 327 1620 383 gentilitia,
1643 327 1713 368 illo
1744 325 1835 380 ipso
1863 324 1907 365 in

299 395 454 437 sacello
495 401 659 437 statuto
700 396 790 436 loco
831 394 1102 436 anniversarii
1142 394 1393 435 factitarint.
1455 393 1516 434 Et
1558 392 1810 448 quaerimus,
1849 390 1907 431 dii

299 461 559 503 immortales
580 476 686 516 quae
707 461 801 501 loca
823 460 1076 507 desiderent,
1093 460 1192 515 quid
1213 459 1463 514 significent,
1484 459 1534 499 de
1556 473 1639 514 quo
1660 455 1907 513 loquantur?

301 528 343 569 A
369 527 467 568 SeX.
493 527 672 568 Serrano
701 526 968 567 sanctissima
996 526 1149 566 sacella
1176 526 1366 576 suffossa,
1391 525 1668 574 inaedificata,
1693 536 1905 578 oppressa,

300 608 464 634 summa
500 593 678 648 denique
719 591 979 647 turpitudine
1019 591 1190 632 foedata
1230 605 1322 632 esse
1362 591 1597 632 nescimus?
1665 589 1729 629 Tu
1769 602 1908 629 meam

302 659 472 700 domum
506 659 745 713 religiosam
772 657 912 698 facere
946 656 1156 712 potuisti?
1218 656 1311 708 Qua
1340 657 1508 696 mente?
1539 669 1663 710 quam
1693 653 1908 694 amiseras.

304 724 398 776 Qua
438 726 590 765 manu?
633 738 715 779 qua
751 723 1023 763 disturbaras.
1089 722 1183 774 Qua
1214 721 1344 762 voce?
1385 735 1467 776 qua
1506 719 1672 761 incendi
1704 719 1907 774 jusseras.

304 791 397 843 Qua
418 791 535 845 lege?
567 804 691 844 quam
713 803 764 830 ne
786 788 828 828 in
849 788 919 828 illa
940 787 1105 843 quidem
1128 786 1377 842 impunitate
1403 792 1478 827 tua
1509 785 1752 841 scripseras.
1814 785 1908 837 Quo

301 856 532 911 pulvinari?
564 855 675 910 quod
702 859 932 910 stupraras.
996 853 1089 905 Quo
1121 852 1371 893 simulacro?
1402 852 1512 906 quod
1535 856 1724 906 ereptum
1747 865 1799 891 ex
1823 864 1909 890 me-

301 921 466 964 retricis
488 921 679 976 sepulcro
702 920 743 961 in
765 919 1031 975 imperatoris
1052 924 1325 960 monumento
1343 917 1584 959 collocaras.
1649 916 1758 969 Quid
1779 916 1910 957 habet

301 1003 396 1029 mea
417 988 565 1028 domus
586 987 770 1042 religiosi
791 985 871 1026 nisi
894 986 1006 1041 quod
1036 984 1185 1040 impuri
1216 989 1260 1025 et
1287 983 1480 1039 sacrilegi
1508 983 1714 1039 parietem
1745 981 1910 1038 tangit?

303 1054 456 1109 Itaque
478 1068 529 1094 ne
545 1053 637 1108 quis
658 1067 846 1093 meorum
868 1051 1110 1106 imprudens
1131 1050 1407 1105 introspicere
1428 1055 1545 1091 tuam
1568 1050 1737 1090 domum
1757 1048 1907 1104 possit,

300 1134 350 1161 ac
375 1125 419 1161 te
451 1134 573 1160 sacra
601 1119 671 1159 illa
702 1123 775 1159 tua
796 1117 1021 1158 facientem
1042 1116 1194 1166 videre,
1218 1116 1363 1157 tollam
1393 1116 1519 1157 altius
1549 1120 1723 1165 tectum,
1747 1129 1831 1155 non
1861 1118 1911 1155 ut

300 1200 379 1240 ego
420 1190 464 1226 te
506 1183 748 1239 despiciam,
784 1183 860 1224 sed
900 1187 949 1224 tu
989 1197 1041 1222 ne
1082 1181 1264 1237 aspicias
1305 1182 1453 1222 urbem
1488 1195 1582 1222 eam
1615 1195 1740 1236 quam
1773 1179 1911 1222 delere

302 1249 486 1291 voluisti.

361 1315 496 1355 XVI.
540 1314 625 1354 Sed
656 1314 747 1369 jam
777 1313 1049 1369 haruspicum
1083 1312 1244 1368 reliqua
1274 1327 1476 1368 responsa
1511 1312 1742 1354 videamus.
1804 1326 1911 1352 ORA-

303 1395 444 1422 TORES
489 1393 672 1420 CONTRA
713 1394 788 1420 Jus
833 1393 1010 1423 FASQUE
1046 1393 1380 1420 INTERFECTOS.
1456 1378 1566 1432 Quid
1606 1383 1673 1419 est
1712 1378 1818 1418 hoc?
1860 1378 1912 1418 de

302 1445 602 1487 Alexandrinis
639 1459 731 1486 esse
768 1445 888 1486 video
925 1459 1185 1490 sermonem;
1230 1459 1355 1499 quem
1391 1459 1470 1500 ego
1506 1459 1590 1484 non
1624 1444 1778 1485 refuto.
1842 1443 1912 1484 Sic

301 1512 411 1554 enim
433 1510 582 1561 sentio,
602 1510 673 1565 jus
694 1511 943 1566 legatorum,
968 1525 1096 1566 quum
1127 1509 1341 1550 hominum
1373 1509 1581 1564 praesidio
1603 1509 1812 1550 munitum
1840 1508 1909 1560 sit,

300 1583 394 1620 tum
432 1577 561 1619 etiam
596 1576 736 1618 divino
773 1577 870 1631 jure
895 1590 1000 1617 -esse
1035 1575 1251 1618 vallatum.
1314 1575 1398 1616 Sed
1435 1590 1590 1631 quaero
1632 1576 1686 1616 ab
1721 1575 1803 1627 illo,
1842 1574 1912 1630 qui

302 1746 356 1774 tur
386 1743 554 1781 Caeliolus,
580 1753 652 1774 cum
678 1743 786 1774 Caelio
816 1753 902 1773 nunc
933 1742 1084 1782 conjunc-

302 1786 405 1817 tum.''

1130 1741 1262 1782 aspicias
1274 1740 1411 1771 urbem!
1457 1740 1526 1771 The
1537 1740 1739 1772 Declamator
1751 1740 1913 1771 threatens

1130 1789 1164 1815 to
1187 1785 1267 1814 raise
1291 1785 1338 1814 his
1362 1785 1461 1814 house
1484 1785 1595 1823 higher
1618 1789 1651 1814 to
1676 1789 1745 1824 stop
1771 1784 1911 1815 Clodius’

358 1847 476 1877 “Dum
494 1857 550 1886 per
565 1847 675 1876 limina
690 1850 722 1877 te
738 1846 955 1886 potentiorum
1130 1831 1290 1868 prospect.
1340 1828 1390 1857 He
1414 1828 1470 1857 has
1493 1832 1550 1857 not
1573 1828 1639 1857 told
1661 1838 1698 1858 115
1714 1828 1857 1858 whether
1873 1829 1914 1858 he

391 1890 538 1919 Sudatrix
556 1894 629 1929 toga
644 1891 784 1926 ventilat,
802 1899 981 1928 vagumque

390 1933 496 1972 Major
513 1933 637 1963 Caelius
654 1937 686 1963 et
702 1934 804 1963 minor
820 1931 964 1971 fatigat.‘’

771 1975 884 2015 (Mart.
901 1976 954 2004 xii.
976 1974 1040 2015 18.)

304 2042 426 2073 Becker
443 2042 652 2081 (Handbuch‚
670 2042 688 2072 i.
707 2053 738 2082 p.
756 2042 835 2083 498)
864 2052 934 2081 says
951 2042 1022 2072 that
1044 2042 1086 2071 all

305 2096 351 2115 we
376 2096 433 2115 0311
458 2096 583 2116 assume
608 2086 633 2115 is
659 2086 729 2115 that
759 2086 814 2115 the
840 2086 996 2116 Caeliolus
1024 2095 1085 2115 was

303 2129 416 2158 within
431 2129 486 2159 the
502 2130 572 2158 wall
587 2128 623 2158 of
644 2129 780 2159 Servius.
826 2128 956 2158 Varro’s
972 2129 1085 2165 words,

305 2172 346 2202 he
362 2182 443 2212 says,
461 2173 500 2202 do
517 2177 572 2202 not
588 2182 684 2212 prove
700 2172 770 2202 that
785 2172 839 2202 the
856 2172 1013 2202 Caeliolus
1027 2182 1088 2201 was

304 2226 323 2245 a
338 2220 408 2255 part
431 2216 466 2245 of
486 2216 541 2246 the
560 2216 695 2252 Caelius,
712 2215 771 2245 but
793 2215 862 2245 that
884 2215 910 2245 it
932 2215 1089 2254 belonged

304 2262 338 2288 to
360 2259 395 2288 it.
441 2259 520 2289 This
540 2259 685 2289 however
709 2269 810 2289 seems
833 2262 867 2289 to
891 2259 977 2289 show
1002 2269 1089 2289 some

305 2302 488 2342 proximity.

350 2346 582 2382 anniversarii]
645 2348 652 2362 ‘
665 2344 902 2381 anniversaria‚’
935 2345 1087 2384 Nauger„

307 2387 529 2418 Baium—‘tu
571 2398 674 2418 meam
705 2389 835 2418 domum
850 2387 869 2417 :'
909 2388 958 2418 1115
990 2389 1089 2418 1101156

306 2431 417 2470 again3
442 2431 627 2462 introduced
644 2432 676 2461 in
692 2431 784 2461 order
799 2435 833 2461 to
850 2431 1014 2462 introduce
1034 2432 1089 2461 the

305 2474 475 2504 rhetorical
509 2478 712 2504 ornaments:
754 2474 848 2507 ‘Qua
878 2479 995 2509 niente,
1027 2485 1090 2514 qua

306 2517 426 2552 manu‚'
467 2520 579 2547 &c.—‘
593 2521 737 2556 stuprare
766 2517 943 2556 pulvinar?
980 2518 1089 2547 Mark-

305 2561 381 2590 land
404 2560 550 2590 observes
574 2560 644 2590 that
667 2561 721 2589 the
746 2560 888 2589 Romans
913 2560 979 2589 said
1004 2564 1090 2590 ‘stu-

306 2614 397 2643 prare
413 2608 572 2633 matronas
587 2602 594 2615 ’
611 2603 673 2632 and
690 2604 743 2633 the
760 2603 832 2632 like.
880 2603 1002 2633 Gesner
1017 2604 1090 2633 asks

305 2647 331 2677 if
340 2648 450 2677 Cicero
463 2647 555 2676 could
571 2650 628 2676 not
644 2657 697 2685 say
714 2646 776 2675 this
794 2646 819 2675 if
839 2646 878 2675 he
897 2646 990 2676 liked.
1040 2647 1090 2676 He

306 2694 417 2730 quotes
442 2694 605 2729 ‘stuprata
632 2688 770 2727 judicia'
798 2689 861 2727 (Ad
886 2690 954 2719 Att.
979 2689 999 2718 i.
1020 2689 1086 2729 18).

305 2734 321 2763 I
339 2743 476 2773 suppose
502 2734 572 2763 that
599 2733 709 2763 Cicero
733 2732 824 2761 could
846 2742 900 2771 say
922 2735 929 2748 ‘
945 2736 1088 2771 stuprare

305 2776 475 2816 pulvinar.'

348 2821 529 2850 meretricis
557 2818 720 2858 sepulcro]
784 2818 853 2847 The
894 2820 901 2834 ⁴
915 2818 1085 2847 meretrix'

304 2864 407 2902 again.
456 2863 487 2893 It
517 2873 579 2892 was
602 2866 655 2892 too
676 2861 757 2901 good
780 2871 798 2890 a
814 2861 905 2899 thing
929 2864 962 2890 to
986 2861 1087 2900 forget

307 2905 374 2946 (De
390 2906 506 2942 Domo,
524 2916 550 2936 c.
569 2905 636 2945 43).
684 2906 736 2935 He
757 2904 924 2935 concludes
947 2914 981 2933 as
998 2904 1087 2934 usual

305 2949 381 2979 with
397 2949 446 2980 his
466 2949 653 2987 trivialities,
678 2951 686 2966 ⁴
700 2952 731 2980 te
747 2946 941 2988 despiciam‚'
966 2950 974 2964 ‘
988 2950 1024 2977 tu
1046 2957 1087 2978 116

1132 1872 1224 1901 could
1241 1871 1353 1910 legally
1370 1871 1409 1900 do
1433 1871 1457 1901 it
1473 1882 1508 1900 or
1524 1875 1590 1908 not,
1608 1881 1666 1901 nor
1689 1872 1764 1901 does
1781 1871 1820 1901 he
1843 1881 1914 1901 care

1131 1914 1230 1944 about
1246 1914 1327 1944 that.
1364 1914 1415 1944 He
1431 1914 1487 1943 has
1498 1925 1515 1943 a
1528 1915 1590 1944 fine
1603 1919 1751 1944 sentence
1763 1918 1796 1944 to
1811 1915 1912 1950 make,

1131 1957 1193 1988 and
1211 1958 1279 1987 that
1294 1958 1319 1987 is
1336 1957 1388 1987 all.
1436 1961 1455 1974 “
1471 1958 1533 1990 Qui
1550 1958 1722 1987 luminibus
1740 1958 1913 1987 vicinorum

1130 2001 1254 2031 officere
1276 2001 1400 2030 aliudve
1424 2001 1499 2040 quid
1523 2001 1624 2031 facere
1640 2005 1749 2031 contra
1772 2011 1913 2031 commo-

1131 2045 1206 2074 dum
1223 2054 1331 2073 eorum
1349 2044 1441 2081 volet,
1456 2044 1533 2074 sciat
1549 2055 1582 2074 se
1597 2045 1730 2074 formam
1744 2055 1780 2074 ac
1796 2048 1913 2074 statum

1131 2088 1335 2126 antiquorum
1352 2088 1567 2117 aedificiorum
1591 2088 1748 2117 custodire
1765 2088 1879 2118 debere
1893 2087 1912 2101 ”

1133 2130 1278 2170 (Ulpian,
1297 2130 1370 2169 Dig.
1389 2133 1418 2161 8.
1436 2132 1465 2161 2.
1486 2130 1551 2170 11).
1599 2131 1632 2161 If
1644 2131 1698 2161 the
1712 2131 1915 2161 Declamator

1134 2174 1226 2203 could
1242 2174 1321 2203 raise
1338 2174 1385 2203 his
1402 2174 1502 2203 house
1518 2175 1580 2204 and
1601 2174 1676 2204 shut
1692 2177 1748 2204 out
1772 2174 1912 2204 Clodius'

1133 2221 1291 2257 prospect,
1317 2217 1357 2247 he
1384 2217 1457 2247 held
1481 2217 1529 2247 1115
1553 2218 1628 2247 land
1658 2218 1722 2247 free
1747 2218 1828 2247 from
1859 2218 1915 2248 the

1135 2264 1142 2277 ‘
1157 2260 1346 2296 servitutes,’
1385 2264 1404 2277 ‘⁶
1417 2270 1456 2290 ne
1487 2261 1660 2291 luminibus
1694 2261 1849 2291 officiatur
1882 2265 1915 2291 et

1134 2313 1175 2333 ne
1190 2304 1373 2343 prospectui
1389 2297 1568 2334 offendatur
1580 2304 1601 2318 ’'
1620 2304 1708 2344 (Dig.
1727 2306 1756 2333 8.
1773 2306 1803 2334 2.
1826 2303 1891 2345 15).

1181 2348 1229 2377 16.
1255 2348 1294 2376 de
1308 2347 1546 2377 Alexandrinis
1563 2370 1570 2377 .
1590 2371 1597 2377 .
1616 2370 1623 2377 .
1641 2347 1776 2386 refuta]
1820 2347 1915 2377 Some

1133 2389 1354 2420 ambassadors
1371 2393 1441 2420 sent
1454 2390 1533 2419 from
1548 2390 1740 2420 Alexandria
1752 2394 1785 2420 to
1800 2390 1913 2427 Rome,

1133 2433 1239 2463 whom
1272 2433 1416 2472 Ptolemy
1443 2436 1498 2471 got
1524 2433 1745 2463 assassinated.
1793 2436 1812 2450 ‘⁴
1827 2433 1915 2463 Bene

1134 2476 1362 2515 interpretatur
1378 2476 1562 2506 Ernestius:
1589 2479 1596 2493 ⁴
1612 2477 1726 2512 Audio,
1744 2476 1804 2506 hoc
1819 2476 1914 2516 vulgo

1135 2519 1178 2548 sic
1202 2519 1312 2558 accipi,
1328 2522 1365 2548 ut
1387 2519 1427 2548 ad
1443 2519 1675 2549 Alexandrinos
1698 2519 1818 2558 legatos
1841 2529 1913 2558 per-

1134 2563 1235 2591 tinere
1251 2561 1396 2591 dicatur)
1443 2562 1502 2591 Sed
1516 2572 1691 2592 sermonem
1708 2572 1772 2592 esse
1788 2573 1806 2592 a
1821 2562 1914 2592 bonis

1135 2605 1342 2644 scriptoribus
1369 2614 1434 2634 non
1458 2605 1503 2634 ita
1529 2605 1661 2642 dicitur3
1694 2615 1797 2645 neque
1823 2606 1913 2635 video

1135 2648 1217 2677 idem
1244 2651 1292 2676 est
1317 2652 1412 2686 atque
1440 2649 1547 2684 audio,
1568 2649 1627 2678 nisi
1652 2649 1735 2687 apud
1757 2659 1841 2683 eum,
1859 2649 1913 2688 qui

1131 2691 1285 2720 rationem
1311 2691 1462 2729 loquendi
1484 2691 1631 2721 omnibus
1655 2691 1756 2721 modis
1773 2702 1914 2721 corrum-

1132 2743 1206 2772 pere
1231 2737 1263 2762 et
1288 2733 1439 2763 violenter
1465 2738 1609 2773 stuprare
1637 2734 1746 2764 solet’'
1781 2734 1914 2774 (Wolf).

1133 2776 1198 2806 But
1212 2776 1338 2806 Ernesti
1353 2777 1488 2807 mistook
1502 2778 1555 2807 the
1569 2778 1728 2815 meaning,
1741 2778 1803 2806 and
1816 2778 1912 2807 Klotz

1131 2819 1189 2848 1135
1206 2819 1297 2857 given
1314 2820 1338 2849 it
1354 2820 1448 2859 right.
1497 2821 1528 2850 It
1545 2821 1570 2850 is
1587 2821 1672 2860 plain
1689 2821 1760 2850 that
1776 2821 1830 2850 the
1847 2821 1913 2850 De-

1132 2862 1283 2891 clamator
1310 2873 1418 2893 means
1445 2867 1479 2893 to
1504 2874 1576 2903 say:
1611 2867 1630 2880 ‘⁴
1645 2864 1660 2893 I
1689 2873 1741 2893 566
1765 2864 1835 2893 that
1858 2864 1914 2893 the

1131 2915 1252 2934 answer
1268 2905 1302 2935 of
1314 2906 1368 2935 the
1386 2906 1579 2946 Haruspices
1592 2906 1688 2936 refers
1703 2910 1737 2936 to
1750 2906 1804 2936 the
1815 2906 1912 2937 Alex-

1131 2948 1262 2980 andrine
1277 2948 1373 2988 legati
1385 2948 1405 2962 '¹
1424 2950 1501 2990 (Pro
1517 2950 1565 2980 M.
1584 2949 1702 2988 Caelio,
1719 2959 1745 2980 c.
1766 2948 1832 2990 10).
