2002 3235
769 198 904 241 GAP.
937 200 1004 249 20,
1028 199 1095 240 21.
1658 202 1740 244 459

136 314 322 355 feriendo
345 319 544 371 quaestor
566 313 612 355 C.
638 312 828 354 Mancini
851 313 1032 354 consulis
1054 327 1182 368 quum
1203 316 1316 354 esset
1339 311 1601 365 interfuerat,
1620 320 1670 356 >et
1698 315 1740 356 in

136 394 184 420 eo
202 380 368 421 foedere
390 379 667 436 improbando
685 383 858 419 senatus
874 378 1080 420 severitas
1093 377 1225 419 dolori
1240 382 1283 419 et
1304 377 1447 419 timori
1463 378 1556 426 fuit,
1575 379 1741 434 istaque

135 460 203 486 res
235 446 362 497 illum,
394 447 548 487 fortem
581 449 625 486 et
658 444 818 485 clarum
849 444 996 495 virum,
1019 459 1045 485 a
1076 443 1287 499 gravitate
1315 448 1482 497 patrum
1511 444 1742 486 desciscere

136 511 289 566 coegit.
338 511 384 553 C.
407 516 549 552 autem
567 510 807 551 Gracchum
828 524 941 550 mors
962 510 1161 557 fraterna,
1178 509 1326 564 pietas,
1346 509 1476 557 dolor,
1495 510 1742 565 magnitudo

135 576 261 617 animi
282 576 335 617 ad
357 577 614 632 expetendas
641 575 861 616 domestici
892 574 1109 630 sanguinis
1136 589 1295 630 poenas
1316 574 1532 616 excitavit.
1596 574 1742 616 Satur-

135 641 291 692 ninum,
330 643 440 697 quod
481 642 523 682 in
558 655 750 682 annonae
784 640 963 682 caritate
999 646 1264 695 quaestorem
1301 655 1326 680 a
1362 654 1437 680 sua
1468 640 1743 681 frumentaria

135 708 429 762 procuratione
451 715 624 748 senatus
646 705 816 756 amovit,
833 705 953 761 eique
968 705 1027 746 rei
1048 705 1111 746 M.
1132 705 1337 746 Scaurum
1351 705 1563 760 praefecit,
1588 705 1743 746 scimus

135 773 276 814 dolore
296 773 455 815 factum
486 787 578 814 esse
609 771 867 828 popularem.
931 771 1163 827 Sulpicium
1194 772 1248 812 ab
1279 771 1438 826 optima
1469 785 1617 811 caussa
1647 786 1743 825 pro-

134 838 293 879 fectum
317 837 499 893 Gaioque
521 838 550 877 J
557 837 637 878 ulio
668 836 932 878 consulatum
961 841 1111 877 contra
1138 837 1253 891 leges
1281 836 1443 891 petenti
1475 836 1744 877 resistentem

135 904 300 959 longius
331 919 455 959 quam
483 903 614 945 voluit
644 902 859 958 popularis
890 917 990 942 aura
1022 902 1229 958 provexit.
1295 901 1435 943 XXI.
1473 902 1576 943 Fuit
1606 902 1648 942 in
1679 902 1743 942 his

135 969 326 1010 omnibus
349 984 510 1017 caussa,
535 969 613 1009 etsi
641 983 723 1009 non
747 969 880 1023 justa,
904 968 1016 1008 nulla
1037 968 1147 1008 enim
1172 972 1316 1023 potest
1339 967 1531 1022 cuiquam
1562 968 1669 1008 male
1692 968 1743 1008 de

135 1050 179 1076 re
202 1035 368 1090 publica
395 1034 583 1075 merendi
609 1035 728 1089 justa
750 1048 842 1075 esse
865 1048 1026 1084 caussa,
1050 1034 1192 1088 gravis
1223 1038 1377 1083 tamen,
1401 1038 1445 1074 et
1477 1048 1571 1074 cum
1603 1033 1742 1088 aliquo

135 1101 263 1141 animi
285 1105 328 1142 et
349 1100 454 1141 virili
484 1099 627 1140 dolore
653 1100 894 1154 conjuncta.
958 1099 1008 1141 P.
1033 1099 1207 1141 Clodius
1237 1114 1262 1140 a
1292 1104 1475 1148 crocota,
1498 1114 1523 1139 a
1551 1099 1687 1148 mitra,
1718 1114 1744 1140 a

134 1166 404 1207 muliebribus
434 1165 558 1206 soleis
590 1165 895 1221 purpureisque
923 1165 1118 1214 fasciolis,
1142 1180 1167 1205 a
1198 1165 1402 1220 strophio,
1427 1179 1452 1205 a
1483 1165 1693 1220 psalterio,
1718 1179 1744 1205 a

135 1232 309 1287 flagitio,
333 1247 358 1272 a
378 1236 525 1286 stupro
555 1237 619 1273 est
645 1232 785 1272 factus
811 1236 985 1286 repente
1016 1231 1242 1286 popularis.
1307 1230 1399 1270 Nisi
1426 1245 1521 1270 eum
1549 1230 1745 1270 mulieres

137 1302 387 1338 exornatum
417 1297 478 1338 ita
509 1297 898 1352 deprehendissent,
921 1296 1000 1337 nisi
1026 1312 1078 1337 ex
1107 1311 1156 1338 00
1185 1297 1291 1345 loco,
1314 1311 1396 1351 quo
1419 1310 1515 1336 eum
1542 1295 1658 1336 adire
1679 1295 1744 1335 fas

136 1378 220 1404 non
241 1364 390 1413 fuerat,
415 1363 660 1403 ancillarum
685 1362 890 1403 beneficio
913 1362 1089 1402 emissus
1117 1367 1240 1412 esset,
1264 1361 1454 1417 populari
1483 1360 1649 1401 homine
1670 1375 1743 1416 po-

135 1430 259 1485 pulus
288 1428 517 1478 Romanus,
548 1443 614 1469 res
642 1428 807 1484 publica
837 1428 924 1468 cive
951 1427 1026 1469 tali
1055 1432 1229 1469 careret.
1295 1427 1419 1467 Hanc
1442 1427 1495 1467 ob
1516 1426 1744 1467 amentiam

137 1495 178 1535 in
201 1494 419 1535 discordiis
441 1493 609 1543 nostris,
634 1494 684 1534 de
710 1493 861 1549 quibus
889 1492 991 1548 ipsis
1022 1492 1087 1533 his
1112 1492 1312 1548 prodigiis
1342 1492 1583 1533 recentibus
1611 1506 1636 1532 a
1663 1490 1744 1531 diis

136 1560 445 1602 immortalibus
467 1561 752 1608 admonemur,
772 1568 966 1613 arreptus
988 1562 1053 1599 est
1074 1573 1182 1599 unus
1200 1574 1251 1600 ex
1274 1557 1462 1613 patriciis
1485 1557 1551 1598 cui
1575 1557 1743 1597 tribuno

136 1627 269 1683 plebis
290 1626 379 1667 fieri
401 1641 484 1666 non
505 1626 664 1667 liceret.
727 1625 848 1677 Quod
869 1639 978 1665 anno
1001 1630 1100 1666 ante
1117 1624 1248 1665 frater
1272 1623 1486 1669 Metellus,
1504 1628 1547 1664 et
1570 1636 1745 1663 concors

137 1692 265 1734 etiam
298 1697 388 1733 tum
421 1697 605 1741 senatus,
631 1690 817 1746 principe
844 1690 919 1731 Cn.
947 1689 1151 1745 Pompeio
1185 1689 1439 1730 sententiam
1469 1689 1648 1738 dicente,
1673 1703 1744 1728 ex-

138 1758 320 1799 cluserat
341 1757 626 1812 acerrimeque
648 1771 731 1797 una
748 1770 847 1797 voce
864 1770 912 1797 ac
930 1760 1070 1797 mente
1091 1755 1322 1805 restiterat,
1342 1755 1383 1795 id
1406 1759 1502 1809 post
1525 1753 1744 1795 discidium

171 1856 256 1895 fuit,
273 1857 397 1895 istaque
413 1856 479 1895 res]
508 1859 514 1872 ⁴
529 1855 602 1885 Fuit
614 1854 722 1894 itaque
736 1854 744 1867 '
763 1854 797 1884 P.
814 1854 852 1885 G.
865 1854 916 1890 E.‚

139 1898 237 1930 ‘fuit'
256 1900 316 1935 M.‚
335 1902 343 1915 ‘
356 1899 426 1936 fuit,
444 1909 543 1938 eaque
559 1909 608 1928 res
621 1899 627 1911 '
647 1898 764 1928 Baiter.

1006 1854 1082 1883 Non
1099 1855 1243 1883 contecta
1258 1852 1319 1883 levi
1331 1853 1469 1882 velatum
1486 1854 1596 1891 pectus
1612 1852 1740 1886 amictu,

1006 1897 1081 1927 Non
1104 1897 1196 1926 tereti
1220 1896 1362 1935 strophio
1385 1896 1542 1925 luctantes
1562 1896 1666 1925 vincta
1689 1905 1745 1935 pa-

171 1944 398 1981 fi·ume⁷zta7·ia
416 1941 667 1981 procuratione]
719 1941 779 1971 Pro
802 1941 916 1977 Sestio,

139 1996 166 2016 c.
189 1987 291 2020 17.--ι
304 1986 444 2025 Caioque
459 1985 546 2015 Julio
559 1984 578 2014 :’
603 1985 666 2014 this
683 1994 745 2014 was
762 1984 799 2014 C.
812 1984 918 2014 Julius

140 2029 257 2059 Caesar
274 2028 398 2063 Strabo,
410 2029 480 2057 who
493 2029 615 2067 though
633 2028 671 2057 he
688 2028 748 2057 had
766 2031 822 2057 not
838 2027 918 2057 been

140 2075 277 2112 praetor,
294 2082 356 2101 was
372 2082 390 2101 a
405 2071 569 2101 candidate
592 2071 640 2100 for
663 2071 718 2100 the
735 2070 918 2109 consulship

139 2115 263 2154 against
287 2115 342 2144 the
367 2115 432 2144 Lex
456 2114 551 2143 Vinia
576 2113 712 2153 (Cicero,
736 2113 865 2149 Brutus,
891 2123 918 2142 c.

140 2160 193 2193 43,
220 2158 286 2197 63).
335 2157 386 2187 Ηο
412 2157 474 2186 lost
501 2157 550 2186 his
574 2157 628 2186 life
654 2157 709 2185 the
734 2159 810 2185 next
833 2166 918 2194 year,

142 2211 204 2231 B.c.
232 2202 283 2237 87,
308 2201 400 2230 when
430 2200 533 2230 Cinna
557 2199 619 2229 and
642 2199 765 2229 Marius
790 2199 920 2228 entered

142 2244 245 2274 Rome
261 2244 323 2273 and
337 2243 503 2273 murdered
519 2241 633 2272 Sulla’s
650 2242 807 2281 partizans
822 2241 919 2281 (Bru-

141 2291 203 2322 tus,
236 2297 262 2317 c.
295 2286 362 2327 39).
373 2304 415 2309 —
427 2289 434 2303 ‘
448 2286 608 2325 popularis
646 2295 721 2315 aura
733 2284 752 2314 ε’
791 2294 852 2314 0110
889 2284 925 2314 of

143 2330 294 2361 Horace’s
306 2330 504 2369 expressions
518 2330 638 2368 (Carni.
652 2329 694 2358 iii.
710 2327 755 2368 2),
772 2327 834 2357 and
851 2337 921 2366 per-

141 2374 221 2414 haps
232 2374 371 2404 Cicero's
387 2377 450 2403 too.
477 2373 586 2403 Cicero
599 2372 655 2401 has
673 2375 680 2388 ‘
692 2374 804 2401 ventus
819 2380 920 2410 popu-

140 2416 237 2453 laris,’
251 2417 310 2446 Pro
321 2416 479 2451 Cluentio,
492 2427 517 2445 c.
530 2417 586 2451 47:
604 2415 692 2454 Virg.
704 2414 785 2444 Aen.
797 2416 835 2443 vi.
847 2415 919 2449 817.

186 2462 238 2490 21.
264 2459 421 2498 σνοσοία,]
444 2457 617 2493 ‘Crocota‚’
630 2469 648 2488 a
660 2456 810 2488 woman's
822 2457 919 2492 dress,

142 2503 208 2533 said
224 2507 257 2533 to
274 2503 353 2533 have
377 2503 457 2533 been
475 2502 552 2532 used
570 2503 608 2541 hy
628 2502 683 2531 the
708 2505 715 2517 ⁶
730 2500 898 2530 histriones
913 2500 919 2513 '

143 2547 233 2575 when
259 2547 333 2585 they
362 2547 472 2586 played
494 2544 646 2575 womeu's
670 2549 767 2584 parts.
817 2543 868 2573 He
894 2543 919 2572 is

143 2589 321 2628 describing
336 2589 390 2618 the
407 2590 493 2618 dress
510 2589 546 2618 of
559 2588 687 2618 Clodius
704 2588 794 2616 when
810 2587 850 2616 he
866 2590 921 2625 got

143 2633 211 2662 into
228 2632 371 2662 Caesar’s
387 2633 486 2662 house
501 2633 533 2661 in
550 2632 663 2661 female
679 2631 781 2661 attire.
814 2630 922 2659 Baiter

144 2676 249 2705 writes
267 2679 273 2691 ‘
289 2675 436 2705 fasceolis
484 2678 491 2691 ⁴
505 2675 632 2704 Fasciae
647 2674 653 2687 '
676 2674 737 2703 and
761 2674 769 2687 ‘
781 2673 899 2702 fascioli
913 2672 919 2684 ’

144 2728 225 2747 were
255 2718 332 2747 used
363 2718 439 2747 both
470 2718 510 2756 by
543 2728 615 2747 men
646 2717 709 2747 and
739 2726 861 2746 women
889 2719 920 2745 to

144 2772 236 2791 cover
258 2761 313 2790 the
336 2771 419 2790 arms
442 2761 504 2790 and
520 2761 585 2799 legs
602 2761 688 2790 with.
734 2760 803 2790 The
819 2764 826 2776 ⁴
841 2762 921 2789 stro-

144 2805 256 2844 phium
271 2803 278 2816 ’
296 2804 440 2833 confined
463 2804 517 2834 the
541 2804 672 2840 breasts,
692 2803 755 2833 and
772 2803 826 2833 the
843 2806 850 2819 ‘
862 2803 920 2832 1111-

144 2851 194 2877 tra
206 2846 213 2859 ’
230 2847 284 2876 the
301 2847 378 2876 hair.

157 2910 177 2923 ⁴⁵
192 2906 267 2936 Non
294 2906 375 2936 flavo
398 2905 538 2935 retinens
557 2905 706 2935 subtilem
722 2905 839 2935 vertice
862 2904 920 2934 mi-

232 2951 325 2985 tram,

1050 1940 1153 1980 Iunas.
1166 1981 1336 2023 (Catullus,
1354 1981 1494 2021 Epithal.
1513 1982 1598 2011 Pelei
1614 1984 1645 2011 et
1661 1981 1746 2011 The-

1246 2026 1340 2063 tidos,
1357 2036 1386 2055 v.
1404 2026 1456 2062 65,
1474 2024 1548 2065 &c.)

1008 2138 1070 2158 non
1087 2128 1226 2167 liceret]
1255 2127 1382 2157 Ernesti
1395 2127 1502 2156 erased
1517 2130 1524 2143 ⁴
1536 2127 1623 2163 non‚'
1637 2126 1695 2157 but
1706 2127 1747 2157 he

964 2171 1017 2200 did
1039 2181 1158 2209 wrong.
1206 2171 1316 2201 Cicero
1334 2180 1404 2209 says
1429 2170 1494 2209 (De
1512 2170 1608 2209 Legg.
1626 2171 1669 2200 iii.
1687 2170 1721 2209 9)
1737 2182 1744 2200 z

966 2218 984 2230 ‘⁴
998 2214 1168 2243 Neminem
1191 2214 1223 2243 in
1248 2223 1305 2242 nos
1332 2213 1508 2242 Tribunum
1531 2214 1674 2252 potuisse
1696 2224 1746 2243 re-

966 2257 1070 2296 periri,
1110 2257 1171 2286 nisi
1198 2256 1248 2286 cui
1274 2266 1314 2285 ne
1350 2266 1418 2286 esse
1449 2256 1576 2296 quidem
1606 2256 1747 2287 licuisset

965 2298 1143 2329 Tribuno.’'

1008 2345 1148 2377 senatus,
1154 2341 1320 2381 principe]
1350 2344 1357 2358 ‘
1372 2344 1510 2377 senatus,
1522 2344 1649 2372 senatus
1660 2343 1746 2382 prin-

966 2385 1057 2424 cipe‚’
1080 2385 1198 2415 Baiter.
1246 2385 1375 2414 Clodius
1391 2385 1482 2415 made
1503 2395 1543 2414 an
1559 2389 1705 2425 attempt,
1722 2386 1748 2415 it

966 2438 1077 2464 seems,
1095 2432 1127 2458 to
1144 2427 1183 2458 be
1200 2427 1320 2457 elected
1337 2428 1463 2458 tribune
1479 2429 1534 2458 the
1549 2439 1624 2468 year
1641 2429 1747 2458 before

966 2472 1005 2501 he
1021 2481 1084 2500 was
1099 2471 1230 2500 elected.

1010 2514 1119 2544 Cicero
1144 2524 1214 2553 says
1238 2514 1270 2543 111
1286 2524 1304 2542 3
1319 2514 1412 2543 letter
1427 2517 1461 2543 to
1480 2513 1606 2544 Atticu's
1622 2515 1746 2543 written

964 2558 997 2587 111
1014 2558 1068 2586 the
1090 2557 1272 2596 consulship
1289 2556 1323 2586 of
1348 2557 1498 2586 Afranius
1515 2557 1576 2586 and
1595 2558 1746 2586 Metellus

967 2601 1057 2630 Celer
1075 2599 1157 2639 (Β.0.
1176 2601 1231 2639 60)
1248 2612 1254 2629 z
1281 2604 1299 2616 “
1312 2600 1371 2629 Est
1386 2604 1490 2629 autem
1511 2600 1545 2629 C.
1567 2600 1746 2629 Herennius

967 2644 1094 2683 quidam
1112 2643 1257 2672 tribunus
1275 2643 1389 2681 pL-is
1406 2643 1445 2672 ad
1469 2643 1593 2681 plebem
1620 2643 1653 2671 P.
1672 2643 1745 2672 Clo-

966 2688 1052 2716 dium
1080 2687 1226 2722 traducit,
1258 2686 1405 2724 idemque
1432 2686 1492 2714 sert
1519 2690 1554 2714 ut
1582 2686 1746 2715 universus

968 2730 1102 2770 populus
1118 2730 1150 2759 in
1168 2730 1288 2768 Campo
1311 2729 1428 2757 Martio
1453 2728 1634 2767 suffragium
1652 2728 1690 2757 de
1713 2739 1747 2758 10

967 2773 1069 2803 Clodii
1099 2772 1211 2802 ferat.’'
1259 2773 1317 2801 See
1347 2772 1413 2800 also
1446 2771 1540 2806 Dion,
1566 2772 1618 2806 37.
1644 2781 1670 2800 c.
1692 2772 1745 2801 51.

966 2817 1035 2846 The
1060 2820 1066 2832 ‘
1081 2816 1182 2845 affinis
1207 2818 1238 2845 ct
1262 2815 1387 2848 sodalis,
1413 2814 1603 2843 clarissimus
1627 2813 1694 2843 vir'
1720 2815 1746 2844 is

967 2860 1026 2890 Cn.
1042 2859 1221 2898 Pompeius,
1238 2858 1342 2888 whose
1355 2867 1412 2888 son
1429 2857 1563 2887 married
1578 2867 1597 2886 a
1613 2857 1698 2887 nicee
1714 2857 1750 2887 of

968 2903 1002 2933 P.
1020 2902 1160 2933 Clodius.
