2063 3242
265 160 351 201 236
561 158 740 200 ORAT.
775 159 895 200 PRO
930 159 979 200 L.
1004 157 1286 199 VALERIO
1324 157 1564 200 FLACCO

263 287 356 314 esse
373 273 650 314 subeundum.
713 272 885 314 Etenim
899 272 1049 326 quibus
1064 271 1309 313 auctoribus
1323 276 1366 313 et
1383 271 1670 313 defensoribus
1687 272 1871 313 omnium

261 342 352 379 tum
375 339 486 379 salus
508 345 620 379 esset
640 353 724 378 non
752 337 902 378 civium
924 337 1057 377 solum
1078 351 1223 378 verum
1254 336 1382 378 etiam
1413 337 1606 391 gentium
1627 338 1798 378 defensa
1819 352 1870 378 ac

263 409 441 454 retenta,
476 404 684 444 neminem
715 417 913 457 umquam
948 401 1094 456 putavi
1130 416 1204 456 per
1234 416 1305 442 eos
1336 401 1450 456 ipsos
1483 403 1711 457 periculum
1747 403 1872 457 hujus

263 469 443 510 fortunis
466 473 594 523 atque
611 468 782 508 insidias
803 472 1057 508 creaturum.
1120 467 1242 518 Quod
1258 467 1293 507 si
1308 472 1421 509 esset
1442 467 1664 522 aliquando
1686 467 1872 508 futurum

263 538 313 575 ut
334 533 482 588 aliquis
512 534 563 574 de
598 533 646 573 L.
672 532 815 573 Flacci
838 531 1018 586 pernicie
1051 531 1274 586 cogitaret,
1308 547 1534 587 numquam
1564 536 1707 572 tamen
1729 531 1872 572 existi-

264 599 384 645 mavi,
413 599 589 653 judices,
626 598 680 638 D.
716 597 918 647 Laelium,
953 597 1101 653 optimi
1133 597 1209 638 viri
1245 597 1388 647 filium,
1429 597 1589 652 optima
1625 597 1763 652 ipsum
1799 611 1872 652 spe

265 664 500 720 praeditum
520 678 707 704 summae
730 663 962 718 dignitatis,
986 677 1078 703 eam
1109 667 1404 718 suscepturum
1432 662 1744 703 accusationem
1766 676 1873 717 quae

265 730 561 771 sceleratorum
587 728 736 769 civium
772 728 915 783 potius
937 728 1031 769 odio
1053 733 1097 770 et
1119 728 1248 768 furori
1271 742 1397 782 quam
1425 727 1556 782 ipsius
1577 727 1724 769 virtuti
1745 732 1873 782 atque

264 794 486 836 institutae
503 789 811 834 adolescentiae
829 793 1084 834 conveniret.
1146 793 1319 834 Etenim
1334 807 1460 848 quum
1477 807 1502 832 a
1518 792 1758 833 clarissimis
1775 792 1873 833 viris

258 860 516 914 justissimas
549 859 789 900 inimicitias
825 873 952 914 saepe
986 873 1080 899 cum
1116 859 1221 899 bene
1257 858 1420 899 meritis
1455 858 1615 899 civibus
1656 858 1873 913 depositas

264 939 355 966 esse
377 925 585 973 vidissem,
608 939 692 965 non
718 939 810 964 sum
831 924 1061 964 arbitratus
1087 938 1338 979 quemquam
1369 923 1547 964 amicum
1574 923 1633 963 rei
1665 923 1869 977 publicae,

263 995 540 1045 posteaquam
582 990 631 1029 L.
666 989 809 1030 Flacci
844 1003 964 1029 amor
999 989 1041 1029 in
1076 989 1257 1044 patriam
1293 992 1541 1044 perspectus
1581 993 1705 1036 esset,
1743 1003 1874 1029 novas

263 1055 359 1095 huic
380 1054 620 1096 inimicitias
641 1054 754 1095 nulla
774 1058 950 1109 accepta
967 1054 1116 1108 injuria
1139 1053 1498 1095 denuntiaturum.
1563 1053 1646 1094 Sed
1664 1053 1871 1108 quoniam,

259 1121 440 1175 judices,
463 1120 595 1161 multa
619 1135 696 1161 nos
717 1124 760 1161 et
782 1120 824 1160 in
846 1119 1004 1160 nostris
1037 1119 1163 1159 rebus
1196 1124 1240 1160 et
1273 1119 1314 1158 in
1345 1134 1389 1159 re
1422 1118 1590 1173 publica
1622 1118 1871 1167 fefellerunt,

263 1185 435 1225 ferimus
457 1200 505 1225 ea
537 1199 642 1239 quae
668 1189 765 1225 sunt
796 1185 982 1225 ferenda.
1046 1184 1231 1225 Tantum
1252 1199 1277 1224 a
1304 1183 1424 1224 vobis
1454 1184 1637 1239 petimus
1667 1188 1714 1224 ut
1735 1183 1874 1224 omnia

263 1250 323 1291 rei
358 1250 550 1305 publicae
583 1250 783 1299 subsidia,
818 1255 957 1291 totum
998 1254 1159 1290 statum
1196 1248 1393 1297 civitatis,
1428 1263 1594 1289 0111110111
1630 1249 1874 1289 memoriam

263 1321 501 1370 temporum
523 1314 859 1369 praeteritorum,
884 1315 1063 1356 salutem
1094 1314 1395 1369 praesentium,
1417 1329 1535 1369 spem
1556 1314 1810 1369 reliquorum
1831 1314 1874 1354 in

263 1386 405 1422 vestra
440 1384 668 1435 potestate,
702 1380 743 1420 in
772 1380 924 1421 vestris
953 1379 1187 1430 sententiis,
1216 1379 1258 1419 in
1283 1379 1361 1420 hoc
1390 1393 1474 1419 uno
1500 1379 1660 1433 judicio
1691 1379 1874 1434 positam

264 1461 355 1487 esse
378 1451 420 1486 et
446 1446 626 1486 defixam
653 1446 827 1500 putetis.
891 1445 936 1485 Si
962 1459 1163 1499 umquam
1194 1459 1261 1485 res
1283 1444 1449 1499 publica
1480 1444 1714 1493 consilium,
1739 1444 1874 1499 gravi-

264 1516 409 1562 tatem,
430 1511 694 1567 sapientiam,
722 1511 1067 1566 [providentiam]
1092 1510 1282 1565 judicum
1300 1510 1549 1565 imploravit,
1569 1510 1649 1551 hoc
1668 1515 1870 1565 tempore,

263 1578 354 1627 hoc,
391 1577 571 1632 inquam,
606 1582 795 1632 tempore
832 1577 1042 1633 implorat.
1107 1576 1167 1617 ΙΙ.
1203 1576 1299 1616 Νο11
1330 1576 1434 1617 estis
1465 1576 1516 1616 de
1551 1576 1764 1630 Lydorum
1799 1580 1874 1616 aut

267 1642 487 1696 Mysorum
519 1647 594 1683 aut
629 1643 860 1698 Phrygum,
900 1642 970 1697 qui
1000 1642 1082 1683 huc
1111 1641 1299 1696 corrupti
1337 1640 1621 1696 concitatique
1656 1644 1870 1689 venerunt,

264 1709 338 1749 sed
368 1709 417 1749 de
439 1713 580 1749 vestra
602 1723 645 1748 re
676 1708 842 1763 publica
870 1706 1115 1762 judicaturi,
1141 1707 1191 1747 de
1221 1705 1406 1747 civitatis
1428 1710 1557 1755 statu,
1583 1706 1634 1746 de
1663 1705 1874 1746 communi

263 1774 411 1823 salute,
436 1773 486 1813 de
503 1788 576 1827 spe
597 1773 800 1813 bonorum
822 1773 1018 1822 omnium,
1043 1772 1077 1812 si
1101 1786 1182 1826 qua
1202 1770 1362 1825 reliqua
1383 1776 1448 1812 est
1470 1771 1598 1811 etiam
1620 1785 1741 1820 nunc,
1767 1784 1874 1825 quae

263 1838 435 1879 fortium
458 1837 607 1878 civium
637 1842 801 1878 mentes
833 1837 1195 1892 cogitationesque
1231 1840 1466 1876 sustentet:
1502 1835 1640 1876 omnia
1670 1835 1751 1875 alia
1781 1849 1873 1890 per-

263 1903 379 1957 fugia
400 1904 616 1949 bonorum,
641 1902 848 1956 praesidia
869 1901 1166 1951 innocentium,
1186 1900 1374 1941 subsidia
1388 1900 1445 1940 rei
1464 1900 1668 1955 publicae,
1685 1900 1870 1950 consilia,

264 1968 429 2017 auxilia,
448 1968 546 2022 jura
559 1967 810 2008 ceciderunt.
874 1968 1008 2020 Quem
1022 1966 1132 2007 enim
1153 1965 1368 2021 appellem,
1386 1980 1508 2021 quem
1531 1965 1732 2015 obtester,
1750 1979 1874 2020 quem

264 2032 508 2088 implorem?
571 2032 856 2074 Senatumne?
919 2033 982 2073 At
1017 2032 1052 2072 is
1088 2031 1177 2086 ipse
1209 2031 1410 2071 auxilium
1451 2031 1560 2085 petit
1599 2045 1624 2070 a
1658 2030 1787 2079 vobis,
1831 2034 1874 2071 et

265 2097 626 2140 confirmationem
657 2097 925 2139 auctoritatis
952 2112 1052 2138 suae
1074 2101 1239 2137 vestrae
1271 2096 1473 2151 potestati
1506 2096 1751 2151 permissam
1780 2109 1872 2136 esse

265 2164 408 2205 sentit.
471 2163 542 2203 An
579 2163 742 2218 equites
777 2163 1019 2204 Romanos?
1079 2161 1341 2202 Judieabitis
1371 2161 1578 2216 principes
1604 2161 1694 2215 ejus
1717 2159 1873 2200 ordinis

266 2228 567 2284 quinquaginta
599 2228 699 2282 quid
737 2242 832 2268 cum
865 2228 1057 2268 omnibus
1094 2226 1322 2268 senseritis.
1385 2226 1456 2266 An
1489 2225 1686 2280 populum
1718 2225 1873 2265 Roma-

457 2318 805 2356 51111111100(119111111ίὶεῇ
853 2318 931 2347 This
945 2327 1047 2347 seems
1135 2319 1166 2347 2.
1206 2316 1374 2354 Lydorum
1412 2318 1468 2344 aut
1512 2314 1697 2353 DIysorum]
1762 2313 1872 2343 Cicero

308 2328 438 2357 spe...

265 2365 298 2390 to
315 2362 354 2391 be
378 2360 432 2390 the
450 2360 606 2398 meaning,
624 2363 679 2389 not
706 2361 847 2398 ‘optima
869 2362 974 2399 ipsum
992 2370 1047 2399 spe

265 2404 455 2444 praeditum,
484 2412 625 2431 summae
656 2402 843 2441 dignitatis!
890 2404 1048 2442 Compare

268 2448 327 2477 Pro
345 2447 379 2475 P.
399 2446 495 2480 Sulla,
514 2455 539 2474 c.
562 2446 616 2474 10:
644 2448 662 2461 “
677 2456 713 2474 ea
729 2456 784 2484 spe
800 2446 964 2484 proposita
979 2456 1046 2475 am-

265 2490 425 2530 plissimae
442 2486 638 2526 dignitatis.⁷'

309 2530 495 2569 institutae]
559 2530 710 2560 Graevius
745 2530 883 2568 thought
922 2531 992 2560 that
1021 2531 1047 2560 it

266 2576 366 2614 ought
396 2578 429 2604 to
460 2574 499 2603 be
527 2576 534 2590 ⁴
550 2576 646 2612 atque
677 2573 720 2601 sic
750 2573 915 2602 institutae
928 2573 948 2608 ς’
976 2574 1046 2602 that

267 2630 353 2649 some
369 2616 484 2648 adverb
497 2616 609 2646 should
621 2615 776 2653 bejoinvd
788 2620 820 2644 to
838 2619 844 2631 ¹
859 2616 1045 2645 institutae.’

267 2663 332 2692 But
357 2662 389 2691 in
415 2661 469 2690 the
493 2660 616 2689 oration
644 2659 703 2688 l‘ro
729 2658 876 2688 Cluentio
903 2658 993 2687 there
1020 2659 1046 2688 is

268 2705 309 2745 (c.
330 2704 382 2744 14)
398 2716 404 2733 z
431 2706 494 2733 “et
511 2706 623 2732 natura
633 2705 664 2731 et
675 2701 837 2730 voluntate
853 2704 884 2730 ct
900 2701 1047 2730 instituta

266 2749 389 2778 ratione
405 2746 522 2776 vitae.’'
568 2746 637 2775 The
650 2754 705 2774 use
721 2744 755 2773 of
769 2748 775 2760 ¹
791 2744 955 2773 instituere
967 2744 974 2757 '
989 2745 1045 2773 has

267 2790 417 2820 occurred
453 2789 571 2819 several
610 2789 702 2817 times
745 2787 866 2826 (Divin.
913 2797 940 2816 0.
983 2788 1019 2816 21
1036 2799 1043 2823 ;

267 2835 339 2864 Vol.
359 2834 413 2873 L).
459 2833 599 2862 Terence
614 2831 670 2860 has
688 2830 832 2870 (Andria,
849 2830 869 2859 i.
892 2830 917 2865 l,
936 2829 1011 2870 40):

399 2895 419 2909 ‘⁶
436 2892 601 2932 Sapienter
616 2892 712 2921 vitam
729 2887 902 2920 instituit.’'

1092 2359 1206 2398 speaks
1222 2359 1298 2388 with
1315 2357 1525 2396 contemptos
1537 2357 1591 2386 the
1602 2357 1721 2386 Asiatic
1732 2356 1871 2395 peoples.

1093 2402 1145 2431 He
1158 2402 1233 2430 does
1256 2405 1312 2430 not
1328 2411 1381 2439 say
1399 2400 1529 2435 Greeks,
1548 2400 1606 2428 bnt
1624 2399 1773 2438 Lydians,
1797 2399 1872 2438 My-

1092 2445 1187 2479 siam,
1208 2444 1393 2482 Phrygians,
1410 2453 1444 2471 as
1456 2443 1488 2471 in
1505 2442 1559 2471 the
1573 2442 1666 2471 letter
1681 2446 1714 2472 to
1732 2442 1872 2474 Quintus

1092 2487 1126 2527 (i.
1144 2488 1169 2522 1,
1181 2485 1215 2526 (ἱ)
1230 2498 1236 2515 :
1256 2490 1274 2502 ‘⁴
1288 2486 1357 2515 Nisi
1369 2486 1449 2514 forte
1463 2495 1512 2514 1110
1525 2485 1650 2514 Paeonii
1664 2485 1768 2514 nescio
1782 2485 1872 2523 cujus

1090 2530 1227 2558 hominis
1258 2539 1298 2558 ne.
1330 2529 1440 2558 Graeci
1464 2528 1591 2567 quidem
1622 2538 1658 2557 ac
1688 2528 1785 2567 Mys-ii
1817 2531 1873 2557 aut

1092 2572 1224 2611 Phrygis
1242 2571 1346 2610 potius
1363 2581 1413 2600 me
1430 2571 1564 2610 querelis
1581 2571 1699 2600 moveri
1715 2570 1843 2610 putasl'

1135 2615 1342 2644 auctoritatis
1366 2614 1457 2653 suae]
1506 2614 1575 2643 The
1597 2614 1818 2643 confirmation
1840 2612 1876 2643 of

1090 2657 1174 2686 what
1200 2657 1254 2686 the
1276 2658 1391 2687 Senate
1413 2657 1465 2686 did
1490 2657 1523 2685 in
1546 2657 1600 2686 the
1627 2657 1715 2686 affair
1731 2656 1766 2686 of
1785 2656 1872 2687 Cati-

1090 2701 1163 2729 lina.

1134 2742 1383 2781 quinquaqinta]

1090 2796 1170 2815 were
1189 2785 1325 2815 selected
1343 2785 1421 2814 from
1440 2785 1493 2814 the
1517 2787 1642 2820 Senate,
1659 2785 1714 2814 the
1735 2785 1869 2824 equites,

1088 2829 1149 2857 and
1181 2828 1235 2857 tho
1265 2828 1383 2857 tribuni
1423 2828 1543 2857 aerarii.
1601 2828 1632 2857 It
1667 2838 1767 2857 seems
1800 2827 1870 2858 that

1088 2881 1204 2910 among
1220 2871 1274 2901 the
1287 2871 1407 2910 judices
1423 2871 1512 2901 there
1528 2881 1608 2901 were
1623 2870 1693 2911 fifty
1708 2871 1840 2911 equites.

1432 2742 1501 2771 The
1520 2742 1644 2780 judices
1667 2745 1699 2771 at
1716 2742 1778 2771 this
1795 2742 1872 2771 time
