2007 3333
802 208 936 250 OAP.
968 212 1093 251 3—5.
1689 215 1739 254 21

147 335 239 362 meo
261 321 301 361 in
318 321 469 362 lectulo
492 321 787 363 interfecturos
807 322 1115 378 pollicerentur.
1170 322 1291 364 Haec
1315 337 1393 378 ego
1417 323 1554 364 onmia
1574 325 1740 366 vixdum

144 384 272 425 etiam
307 389 431 425 coetu
467 390 608 425 vestro
650 385 820 426 dimisso
857 386 1074 440 comperi;
1131 386 1299 425 domum
1344 401 1479 426 meam
1515 388 1742 439 111aj‹›1·ilms

143 449 360 503 praesidiis
387 450 538 489 munivi
567 455 694 505 atque
716 450 901 497 firmavi;
937 450 1091 491 exclusi
1125 465 1198 491 eos
1229 465 1332 505 quos
1368 455 1412 490 tu
1449 465 1568 490 mane
1597 452 1649 490 ad
1678 468 1741 492 1110

144 513 372 554 salutatum
394 514 575 563 miseras,
600 529 726 569 quum
748 515 802 555 illi
825 516 904 570 ipsi
927 516 1148 564 venissent,
1176 531 1280 570 quos
1310 530 1387 567 ego
1414 516 1501 569 jam
1530 516 1671 556 multis
1692 531 1740 557 ac

142 579 314 619 summis
336 579 432 619 viris
453 580 505 618 ad
527 594 592 620 me
615 580 656 619 id
678 581 879 635 temporis
901 587 1097 621 venturos
1121 596 1211 621 esse
1234 581 1535 635 praedixeram.

34 665 173 716 Μίδαι,
203 642 258 684 V.
293 644 408 695 Quae
430 658 555 698 quum
584 645 643 685 ita
670 645 766 693 siut,
802 645 993 695 Catilina,
1028 660 1154 700 perge
1188 660 1269 700 quo
1304 645 1505 700 coepisti:
1541 646 1740 700 egredere

141 707 362 762 altindo
398 723 449 748 ex
479 710 603 749 urbe:
648 715 795 764 patent
828 716 1006 766 portae:
1041 711 1320 764 proficiscere.
1383 710 1568 750 Nimium
1595 710 1663 750 diu
1697 715 1739 751 te

141 772 436 827 imperatorem
453 779 527 814 tua
543 774 610 814 illa
630 775 844 816 Manliana
861 781 1000 816 castra
1018 775 1271 816 desiderant.
1316 775 1435 815 Educ
1455 780 1591 816 tecum
1611 775 1740 816 etiam

139 853 280 878 omnes
303 844 428 886 tuos;
469 838 503 879 si
526 839 673 888 minus,
698 856 822 896 quam
851 840 1072 895 plurimos:
1117 855 1250 895 purga
1273 841 1444 881 urbem:
1487 854 1640 894 magno
1673 855 1739 881 me

139 909 254 944 metu
274 903 480 950 liberabis,
503 905 726 946 dummodo
749 906 859 947 inter
880 920 945 946 me
968 913 1094 961 atque
1117 911 1160 946 te
1183 920 1326 945 murus
1350 905 1532 946 intersit.
1589 905 1740 946 Nobis>-

142 982 236 1008 cum
264 969 417 1009 versari
444 970 533 1023 jam
565 970 720 1011 diutius
755 986 837 1011 non
873 976 1019 1025 potes:
1070 986 1152 1011 non
1183 971 1325 1018 feram,
1360 984 1441 1009 non
1473 969 1620 1024 patiar,
1656 985 1739 1010 non

139 1033 284 1074 sinam.
350 1035 510 1089 Magna
544 1035 622 1076 diis
650 1036 955 1077 immortalibus
987 1037 1179 1076 habenda
1212 1041 1276 1076 est
1312 1035 1452 1090 gratia
1484 1041 1612 1090 atque
1641 1035 1737 1076 huic

138 1099 215 1154 ipsi
237 1099 335 1140 ‚Iovi
359 1100 530 1150 Statori,
553 1100 845 1155 antiquissimo
874 1101 1036 1141 custodi
1063 1102 1188 1155 hujus
1220 1100 1351 1148 urbis,
1376 1100 1488 1154 quod
1514 1101 1621 1140 hanc
1650 1106 1735 1141 tam

138 1168 330 1214 taetram,
355 1170 441 1205 tam
464 1165 701 1206 horribilem
723 1171 895 1221 tamque
917 1166 1112 1207 infestam
1133 1165 1192 1206 rei
1213 1165 1403 1220 publicae
1424 1170 1587 1219 pestem
1608 1166 1737 1206 toties

132 1229 219 1284 jam
241 1230 475 1285 effugimus.
540 1230 634 1271 Non
665 1237 730 1272 est
761 1232 929 1285 saepius
957 1232 999 1271 in
1021 1247 1102 1272 11110
1126 1231 1291 1271 1101111110
1314 1245 1476 1271 summa
1496 1231 1609 1271 salus
1630 1231 1739 1285 peri-

138 1294 320 1336 clitanda
343 1296 402 1336 rei
434 1296 637 1351 publicae.
700 1296 909 1349 Quamdiu
943 1297 1044 1336 1111111
1078 1296 1238 1337 consuli
1271 1296 1504 1351 designato,
1542 1296 1734 1345 Catilina,

137 1360 357 1402 insidiatus
379 1376 434 1410 es,
458 1376 540 1401 non
560 1361 723 1416 publico
741 1377 807 1402 me
824 1362 1030 1416 praesidio
1049 1362 1121 1402 sed
1140 1361 1303 1416 privata
1321 1360 1538 1415 diligentia
1556 1361 1736 1401 defendi.

139 1426 276 1478 Quum
307 1426 507 1480 proximis
543 1426 722 1467 comitiis
755 1427 1043 1483 consularibus
1082 1441 1148 1466 me
1186 1425 1400 1466 consulem
1434 1425 1475 1464 in
1509 1440 1655 1479 campo
1692 1430 1810 1467 ets>r
1835 1459 1843 1462 ,

136 1480 434 1545 competitores
456 1496 551 1531 tuos
572 1480 808 1532 interficere
829 1491 1007 1541 voluisti,
1044 1491 1273 1545 compressi
1296 1496 1392 1531 tuos
1414 1490 1594 1530 nefarios
1615 1505 1737 1530 cona-

135 1560 206 1597 tus
227 1556 454 1596 amicorum
475 1556 680 1611 praesidio
707 1561 751 1597 et
782 1556 922 1611 copiis,
957 1556 1068 1596 nullo
1090 1556 1277 1597 tumultu
1300 1555 1464 1609 publice
1486 1555 1699 1596 concitato
1719 1573 1729 1602 ;

134 1621 323 1675 denique,
354 1622 694 1676 quotiescumque
726 1636 791 1661 me
823 1621 978 1676 petisti,
1010 1636 1083 1676 per
1109 1612 1172 1661 me
1195 1620 1272 1661 tibi
1295 1619 1453 1669 obstiti,
1483 1635 1733 1674 quamquam

134 1685 324 1726 videbam
345 1687 569 1741 perniciem
591 1702 726 1727 meam
748 1701 842 1727 cum
872 1702 1024 1740 magna
1058 1686 1298 1726 calamitate
1330 1685 1387 1725 rei
1420 1685 1610 1739 publicae
1642 1700 1733 1726 esse

134 1751 415 1805 conjunctam.
478 1752 600 1792 Nunc
635 1752 726 1806 jam
761 1757 905 1807 aperte
947 1766 1034 1792 rem
1077 1750 1286 1806 publicam
1322 1750 1555 1790 universam
1597 1750 1728 1805 petis:

133 1817 287 1871 templa
323 1817 495 1858 deorum
530 1817 840 1866 immortalium,
877 1823 991 1858 tecta
1027 1816 1154 1864 urbis,
1189 1815 1320 1855 vitam
1351 1814 1535 1855 omnium
1566 1814 1730 1864 civium,

135 1881 302 1922 Italiam
337 1882 513 1937 denique
549 1887 685 1923 totam
725 1883 778 1923 ad
815 1882 989 1923 exitium
1034 1887 1076 1922 et
1119 1880 1361 1921 vastitatem
1398 1894 1533 1920 vocas.
1597 1880 1733 1931 Quare

133 1948 327 2002 quoniam
352 1947 405 1997 id,
431 1948 539 2002 quod
568 1952 634 1988 est
661 1948 840 2002 primum
862 1952 904 1988 et
926 1947 1035 2001 quod
1067 1946 1189 1999 hujus
1221 1944 1380 1999 imperii
1407 1943 1731 1998 disciplinaeque

133 2013 340 2066 majorum
363 2014 573 2067 proprium
595 2017 672 2061 est,
691 2013 827 2054 facere
848 2013 1033 2053 nondum
1054 2011 1199 2059 audeo,
1222 2010 1372 2050 faciam
1393 2009 1434 2049 id
1457 2009 1567 2063 quod
1591 2014 1656 2048 est
1678 2009 1730 2048 ad

133 2079 400 2120 severitatem
430 2079 562 2119 lenius
593 2083 636 2119 et
666 2080 718 2120 ad
751 2093 1011 2119 communem
1053 2077 1231 2117 salutem
1261 2075 1415 2117 utilius.
1481 2074 1590 2114 Nam
1621 2074 1655 2114 si
1688 2080 1730 2115 te

130 2143 308 2185 interfici
325 2145 502 2198 jussero,
527 2143 728 2185 residebit
751 2144 791 2183 in
810 2158 853 2184 re
871 2143 1037 2197 publica
1054 2142 1213 2196 reliqua
1231 2141 1547 2195 conjuratorum
1568 2153 1729 2180 manus.

133 2208 206 2249 Sin
242 2214 301 2258 tu,
335 2210 446 2265 quod
479 2214 522 2250 te
552 2209 802 2263 jamdudum
844 2209 1001 2257 hortor,
1037 2206 1200 2263 exieris,
1234 2205 1504 2246 exhaurietur
1539 2219 1591 2244 ex
1626 2205 1728 2244 urbe

132 2278 298 2315 tuorum
322 2266 523 2316 comitum
545 2288 698 2328 magna
729 2278 772 2314 et
801 2272 1036 2328 perniciosa
1067 2271 1232 2312 sentina
1262 2271 1321 2312 rei
1352 2270 1556 2325 publicae.
1620 2268 1729 2321 Quid

949 2370 1026 2399 tion.
1074 2369 1114 2399 D.
1140 2369 1254 2399 Junius
1286 2368 1410 2398 Silanus
1435 2367 1497 2397 and
1525 2367 1563 2396 L.
1588 2366 1726 2396 Licinius

174 2375 204 2402 5.
229 2383 340 2402 muru-s·
370 2373 524 2412 intersit]
583 2371 732 2402 Plutarch
769 2371 902 2411 (Cicero,

948 2413 1084 2443 Murena
1101 2422 1181 2442 were
1203 2412 1322 2441 elected
1345 2411 1392 2440 for
1415 2411 1469 2441 the
1492 2420 1566 2449 year
1591 2419 1653 2439 B.c.
1673 2411 1724 2439 (52.

131 2425 157 2445 c.
188 2415 238 2455 16)
270 2416 331 2445 had
361 2415 434 2445 read
464 2416 527 2445 this
558 2425 687 2454 passage
713 2415 748 2444 of
775 2415 902 2445 Cicero:

132 2457 227 2493 τέλος
261 2457 416 2493 α’ναστὰς
451 2458 467 2488 ὁ
510 2457 656 2497 Κικέρων
697 2457 904 2495 προσέταξεν

132 2500 223 2540 αὐτῷ
254 2503 315 2538 τῆς
347 2501 474 2537 πόλεως
503 2499 793 2531 ἀπαλλάττεσθαι*
834 2499 903 2530 δεῖν

132 2543 196 2583 γὰρ
220 2543 322 2573 αὐτοῦ
349 2545 409 2583 μὲν
437 2544 560 2583 λόγοις,
587 2544 710 2574 ἐκείνου
738 2542 763 2572 δ’
783 2542 902 2579 ὅπλοις

132 2584 391 2625 πολιτευομένου
407 2586 507 2625 μέσων
524 2588 606 2617 εἶναι
624 2587 661 2616 τὸ
680 2589 800 2625 τεῖχος.

175 2630 449 2668 huic—Slatori,]
495 2629 564 2659 The
581 2630 694 2659 Senate
709 2639 771 2658 was
787 2638 902 2658 assem-

131 2670 203 2700 bled
219 2672 250 2700 111
267 2672 330 2701 this
346 2673 474 2712 temple,
492 2672 545 2702 the
562 2673 661 2710 origin
678 2672 712 2701 of
725 2672 824 2701 which
842 2681 902 2700 was

130 2714 266 2744 referred
295 2719 328 2745 to
355 2715 409 2745 the
439 2716 516 2745 time
546 2714 581 2745 of
610 2715 764 2744 Romulus
797 2714 902 2754 (Livy,

130 2755 149 2785 i.
172 2756 235 2796 12).

174 2799 207 2827 in
229 2808 290 2828 uno
315 2801 453 2840 homine]
502 2800 649 2830 Muretus
670 2810 750 2839 says,
768 2800 806 2829 he
822 2809 896 2839 sup-

129 2851 221 2880 poses
232 2841 301 2871 that
312 2842 447 2873 Catilina
459 2844 483 2872 is
498 2847 613 2878 meant,
625 2843 687 2872 and
700 2847 755 2873 not
769 2843 896 2878 Cicero;

129 2883 190 2912 and
212 2883 300 2914 there
324 2885 350 2914 is
371 2896 412 2915 no
431 2886 530 2916 doubt
556 2886 625 2915 that
652 2886 691 2916 he
712 2886 736 2915 is
760 2886 900 2925 right.—

131 2926 284 2956 ‘comitiis
308 2929 522 2959 consularibus
536 2928 555 2965 ;'
580 2938 632 2959 see
652 2929 706 2959 the
731 2928 897 2959 Introduc-

948 2456 1016 2485 The
1032 2456 1157 2485 learned
1173 2456 1267 2494 jurist
1289 2455 1414 2484 Servius
1432 2453 1589 2492 Sulpicius
1605 2462 1666 2481 was
1683 2462 1723 2481 an

948 2498 1163 2528 unsuecessful
1189 2498 1364 2528 candidate.
1427 2496 1500 2538 (See
1527 2496 1582 2526 the
1612 2495 1723 2525 Oratio

950 2542 1009 2571 Pro
1027 2540 1189 2579 Murena.)

991 2586 1086 2623 lmjus
1107 2585 1243 2623 imperii,
1262 2583 1335 2622 &c.]
1388 2582 1439 2612 He
1464 2591 1572 2611 means
1593 2581 1647 2609 the
1669 2589 1722 2608 ex-

948 2627 1143 2666 traordinary
1155 2627 1313 2666 authority
1328 2626 1428 2655 which
1445 2625 1499 2654 1110
1517 2626 1631 2653 50111110
1648 2632 1722 2650 con-

948 2671 1049 2700 ferred
1068 2671 1106 2709 by
1131 2670 1184 2699 1110
1206 2676 1333 2699 senatus
1349 2669 1540 2702 consultum,
1567 2671 1573 2682 ⁴
1590 2665 1723 2693 Vide-:uit

948 2713 1113 2748 consules,’
1133 2716 1188 2742 &c.
1238 2713 1287 2742 He
1303 2712 1379 2742 adds
1397 2716 1403 2727 ‘
1419 2711 1501 2740 Nam
1526 2710 1550 2738 si
1571 2714 1601 2737 te
1624 2708 1720 2736 iuter-

949 2757 997 2786 fici
1012 2754 1156 2794 jussero)

986 2802 1110 2828 sentina
1128 2798 1363 2837 reipublicae]
1399 2797 1552 2833 Compare
1571 2793 1618 2821 De
1637 2793 1720 2831 Lege

943 2842 1084 2881 Agraria,
1103 2842 1132 2870 ii.
1151 2852 1176 2870 c.
1195 2844 1246 2871 215.
1273 2841 1342 2869 Vol.
1360 2837 1488 2874 11.,a11‹1
1508 2836 1634 2868 Sallust.
1649 2834 1718 2864 Cat.

943 2896 969 2915 c.
984 2887 1036 2921 37,
1048 2885 1151 2914 where
1165 2884 1203 2913 he
1219 2884 1243 2912 i<
1259 2883 1409 2922 speaking
1421 2880 1455 2908 of
1469 2879 1522 2908 the
1536 2878 1720 2917 population

943 2928 978 2958 of
1000 2928 1118 2957 Rome:
1151 2927 1324 2956 “Primum
1348 2923 1499 2958 omnium,
1525 2921 1578 2961 qui
1602 2920 1720 2960 ubique
