2063 3242
217 181 301 223 348
651 171 1122 217 INTRODUOTION
1158 169 1234 212 ΤΟ
1268 169 1396 211 ΤΗΕ

218 292 374 345 ground
403 305 456 330 on
485 290 612 330 which
642 289 703 327 his
733 289 856 327 house
887 286 1024 334 stood;
1052 285 1131 324 and
1159 285 1202 323 in
1231 285 1311 323 like
1341 287 1463 322 terms
1488 283 1536 322 he
1561 282 1729 321 intreats
1754 282 1824 321 the

219 354 432 394 Pontifices
451 357 494 392 to
514 356 663 391 restore
689 351 770 388 him
796 354 838 388 to
864 349 933 387 the
961 347 1187 400 possession
1206 347 1251 385 of
1274 347 1334 384 his
1355 346 1477 384 house
1497 359 1539 384 as
1558 346 1607 384 he
1629 344 1706 383 had
1724 345 1825 383 been

218 416 395 456 restored
415 419 458 454 to
478 415 538 452 his
558 416 738 464 country.

273 477 476 517 Ferratius
497 476 591 514 adds
611 480 653 512 to
672 474 784 511 these
804 485 855 510 an
874 470 1011 521 eighth
1026 473 1126 521 part,
1142 470 1211 508 the
1231 473 1334 508 most
1350 469 1522 521 weighty
1538 468 1582 507 of
1597 468 1648 506 all
1671 469 1721 518 (c.
1737 467 1826 516 49),

219 540 346 580 which
366 539 399 577 is
418 538 520 576 this:
551 537 639 574 that
659 536 727 573 the
747 533 1019 572 consecration
1038 546 1082 570 or
1103 532 1325 570 dedication
1349 532 1394 570 of
1410 531 1582 570 Cicero’s
1602 530 1725 568 house
1744 542 1823 567 was

220 602 332 641 made
363 604 547 651 contrary
567 602 609 636 to
630 611 680 635 an
700 596 764 635 old
784 596 868 633 Lex
889 594 1056 645 Papiria,
1076 593 1202 632 which
1222 593 1420 645 provided,
1442 596 1462 612 “
1478 592 1542 630 Ne
1561 591 1648 643 quis
1668 591 1824 642 injussu

220 663 346 716 plebis
377 662 503 708 aedes,
526 664 684 707 terram,
718 671 823 696 aram
853 660 1100 695 consecraret
1115 656 1150 702 ;''
1182 655 1256 693 and
1285 669 1326 693 as
1350 655 1511 693 Clodius
1540 653 1618 691 had
1643 656 1714 691 not
1740 666 1827 704 pro-

220 726 344 778 posed
376 739 398 763 a
429 722 600 774 Rogatio
630 726 672 760 to
703 721 771 759 the
804 719 979 771 Populus
1013 718 1134 756 about
1166 717 1235 755 the
1271 717 1542 755 consecration
1575 716 1620 754 of
1656 715 1829 754 Cicero's

220 789 356 835 house,
376 787 445 824 the
466 783 738 823 consecration
757 795 834 820 was
863 781 1033 831 illegally
1054 779 1174 818 made.
1233 779 1437 817 Ferratius
1466 778 1602 815 thinks
1630 777 1719 815 that
1747 776 1827 814 this

222 863 301 888 was
327 849 395 886 the
426 847 518 898 only
538 848 747 896 argument:
767 844 894 882 which
925 842 1040 881 could
1070 855 1181 879 move
1211 840 1279 879 the
1312 840 1524 879 Pontifices
1557 844 1600 878 to
1629 838 1762 877 decide
1786 837 1829 875 in

222 910 359 949 favour
379 908 423 947 of
441 908 578 947 Cicero
597 924 605 954 3
634 906 712 944 and
731 920 753 944 a
771 918 934 957 passage
953 904 996 942 in
1015 904 1083 942 the
1102 903 1221 941 letter
1240 906 1282 940 to
1302 902 1465 940 Atticus
1490 902 1556 952 (iv.
1579 901 1622 951 2)
1643 903 1829 952 supports

223 972 304 1010 this
337 970 510 1022 opinion.
567 969 650 1006 The
684 981 848 1019 passage
878 966 912 1004 is
944 966 1045 1004 this:
1077 969 1098 985 “
1117 965 1251 1014 Quum
1281 964 1486 1015 pontifices
1512 963 1737 1001 decressent
1761 962 1829 1009 ita,

226 1034 267 1072 Si
297 1047 424 1084 neque
456 1031 593 1083 populi
620 1031 738 1082 jussu
770 1043 898 1080 neque
926 1028 1051 1080 plebis
1086 1028 1200 1074 scitu,
1229 1027 1264 1064 is
1290 1026 1357 1077 qui
1383 1039 1425 1064 se
1451 1025 1650 1064 dedicasse
1672 1024 1830 1070 diceret,

224 1094 459 1134 nominatim
479 1093 515 1131 ei
534 1092 591 1130 rei
610 1092 832 1143 praefectus
853 1095 969 1137 esset⁷
990 1103 1117 1141 neque
1143 1088 1277 1140 populi
1297 1091 1414 1139 jussu
1433 1090 1503 1125 aut
1521 1086 1646 1138 plebis
1667 1085 1769 1124 scitu
1789 1085 1830 1123 id

224 1158 353 1196 facere
379 1156 515 1208 jussus
550 1158 665 1201 esset,
697 1153 819 1191 videri
848 1166 964 1203 posse
996 1152 1079 1190 sine
1111 1151 1301 1201 religione
1331 1163 1415 1188 eam
1445 1152 1596 1200 partem
1634 1161 1745 1186 areae
1779 1146 1834 1184 mi

225 1216 538 1258 restitui—mihi
571 1216 675 1253 facta
708 1215 842 1253 statim
875 1218 936 1252 est
969 1213 1193 1264 gratulatio,
1227 1225 1342 1250 nemo
1375 1211 1480 1250 enim
1509 1210 1715 1249 dubitabat
1736 1209 1831 1260 quin

228 1281 366 1319 domus
386 1279 500 1316 nobis
521 1281 626 1315 esset
646 1276 906 1327 adjudicata.”

281 1341 399 1380 Wolf
422 1340 594 1390 thought
614 1339 646 1376 it
666 1339 755 1376 best
775 1342 818 1375 to
839 1337 914 1375 add
942 1337 1011 1374 the
1036 1335 1212 1374 remarks
1242 1335 1286 1373 of
1309 1334 1525 1382 Ferratius,
1545 1334 1670 1372 which
1696 1334 1718 1371 I
1737 1334 1835 1371 have

228 1403 365 1455 copied
385 1403 485 1440 from
514 1401 592 1439 him
616 1401 693 1438 and
712 1400 754 1438 in
782 1400 851 1438 the
881 1399 1045 1449 original
1067 1398 1199 1445 Latin,
1230 1411 1271 1435 as
1301 1411 1323 1435 a
1352 1397 1551 1448 specimen
1570 1396 1614 1434 of
1637 1397 1705 1435 the
1734 1395 1836 1447 good

230 1479 344 1504 sense
363 1465 440 1502 and
460 1478 552 1515 easy
574 1463 675 1515 style
696 1462 740 1500 of
757 1476 831 1500 one
853 1461 897 1500 of
912 1462 980 1498 the
1002 1460 1067 1498 old
1086 1463 1404 1498 commentators.

284 1530 306 1547 “
327 1527 574 1577 Interpretes
594 1525 635 1562 in
656 1523 933 1562 enumerandis
960 1522 1205 1573 argumentis
1237 1521 1431 1559 omittunt
1460 1520 1568 1567 illud,
1596 1520 1699 1571 quod
1729 1533 1836 1571 prae-

230 1589 389 1640 cipuum
421 1592 504 1635 est3
534 1587 716 1638 quodque
742 1600 865 1624 unum
897 1585 1063 1622 maxime
1099 1584 1310 1622 Pontifices
1342 1583 1474 1629 movit,
1503 1586 1550 1620 ut
1575 1581 1651 1633 ipsi
1681 1595 1837 1619 causam

231 1651 514 1703 adjudicarent.
572 1650 738 1695 Domus,
758 1647 958 1698 inquiunt,
979 1645 1314 1684 consecrationem
1345 1645 1530 1696 explodit,
1560 1644 1651 1695 quia
1674 1643 1835 1681 Clodius

231 1727 359 1765 neque
374 1713 464 1764 jure
485 1712 696 1762 adoptatus
718 1710 860 1756 fuerat,
880 1722 1009 1759 neque
1030 1707 1230 1745 Tribunus
1250 1707 1301 1758 pl.
1323 1720 1408 1745 esse
1428 1709 1624 1758 potuerat.
1681 1704 1835 1742 Audio:

232 1776 306 1813 hoc
325 1787 416 1812 vero
437 1773 557 1811 semel
578 1772 746 1809 admisso
772 1771 853 1822 jam
881 1773 921 1807 et
940 1769 1047 1819 leges
1069 1769 1115 1806 de
1137 1768 1354 1806 Consulum
1375 1767 1595 1818 provinciis,
1618 1766 1664 1804 de
1685 1766 1836 1818 Byzan-

232 1836 341 1882 tinis,
370 1833 679 1879 frumentariam,
710 1832 757 1870 de
789 1831 952 1870 Catonis
972 1830 1014 1867 in
1036 1830 1211 1881 Cyprum
1240 1829 1500 1880 expeditione,
1521 1828 1651 1866 omnia
1672 1827 1839 1878 denique

234 1898 359 1949 ipsius
391 1900 479 1934 acta
512 1895 682 1932 rescindi
713 1893 934 1945 oportebat.
992 1893 1105 1930 Haec
1134 1895 1269 1929 tamen
1298 1891 1480 1929 valebant
1512 1895 1552 1928 et
1584 1894 1670 1928 rata
1704 1893 1839 1927 erant:

235 1973 339 2005 nam,
355 1958 551 1996 referente
568 1956 780 1994 Plutarcho
795 1955 838 1992 in
852 1954 932 1993 Cic.
949 1967 981 1992 0.
995 1957 1059 2001 34,
1077 1954 1305 1992 Ciceronem
1320 1953 1474 1991 tabulas
1491 1952 1667 2004 disjicere
1682 1951 1839 2002 cupien-

237 2025 318 2060 tem
338 2021 380 2058 in
400 2019 542 2070 quibus
561 2017 688 2056 Clodii
704 2016 927 2068 rogationes
944 2016 1111 2066 scriptae
1127 2015 1394 2062 servabantur,
1413 2016 1512 2053 Cato
1528 2013 1741 2065 prohibuit,
1756 2017 1843 2051 tum

237 2096 300 2131 ne,
322 2095 420 2133 quae
439 2081 523 2132 ipse
538 2080 581 2117 in
598 2081 730 2131 Cypro
750 2082 938 2129 gesserat,
957 2077 1070 2116 irrita
1084 2077 1367 2128 judicarentur,
1383 2081 1470 2114 tum
1491 2076 1620 2123 etiam,
1636 2075 1739 2126 quod
1753 2076 1844 2126 jure

239 2157 283 2182 ac
304 2143 418 2181 salvis
439 2141 622 2193 auspiciis
644 2141 690 2178 de
711 2140 758 2177 iis
779 2139 961 2177 omnibus
980 2139 1104 2176 latum
1124 2138 1245 2176 fuisse
1266 2138 1534 2176 contenderet.
1582 2138 1717 2187 Atque
1737 2137 1844 2182 adeo,

240 2219 362 2257 quum
393 2207 522 2242 cetera
553 2202 777 2254 probarent,
813 2202 913 2239 hanc
945 2214 1063 2238 unam
1089 2200 1187 2250 legis
1217 2200 1449 2251 particulam
1476 2199 1523 2237 de
1551 2197 1845 2237 consecratione

242 2266 380 2304 domus
418 2278 464 2302 eo
495 2264 664 2310 nomine,
696 2262 801 2314 quod
830 2276 912 2300 non
944 2261 1066 2299 fuerit
1098 2261 1275 2310 legitima
1304 2261 1475 2312 adoptio,
1506 2261 1657 2312 privato
1684 2258 1845 2297 consilio

242 2327 429 2376 abrogare
459 2325 671 2363 Pontifices
699 2339 780 2363 non
809 2327 1006 2375 poterant.
1064 2323 1243 2360 Secundo
1269 2323 1353 2361 1000
1374 2323 1591 2374 subjiciunt
1611 2324 1846 2360 commenta-

241 2393 371 2427 tores:
401 2387 547 2424 tulerat
568 2386 615 2423 de
637 2386 826 2424 Cicerone
850 2385 1012 2423 Clodius
1042 2398 1112 2435 per
1131 2383 1208 2421 vim
1239 2387 1279 2421 et
1309 2388 1446 2421 contra
1476 2384 1593 2434 leges,
1614 2396 1658 2421 ac
1684 2381 1847 2433 proinde

243 2464 314 2502 per
335 2463 375 2487 se
394 2448 504 2486 irrita
525 2447 676 2497 rogatio
691 2451 786 2485 erat.
844 2447 935 2493 Fac,
951 2460 1032 2484 non
1053 2444 1211 2483 mentiri
1233 2448 1427 2482 oratorem
1444 2461 1452 2482 ε
1484 2445 1552 2482 sed
1571 2445 1612 2481 in
1631 2444 1779 2495 primis,
1800 2456 1847 2480 ex

244 2516 306 2551 tot
336 2511 440 2549 illius
473 2509 626 2560 legibus
660 2523 710 2546 an
744 2522 789 2546 ea
818 2512 975 2546 tantum
1007 2521 1077 2559 per
1105 2507 1183 2545 vim
1213 2511 1253 2545 ct
1286 2510 1424 2544 contra
1453 2506 1559 2556 leges
1582 2507 1662 2544 lata
1686 2504 1847 2543 fuerat?

244 2587 378 2612 nonne
398 2572 494 2610 aliae
514 2571 660 2608 multae
680 2570 815 2608 eodem
837 2569 982 2608 modo?
1041 2569 1134 2616 Cur,
1165 2568 1198 2606 si
1223 2568 1398 2606 omnium
1424 2568 1558 2606 eadem
1583 2567 1755 2605 conditio
1775 2570 1847 2613 est,

245 2649 327 2674 non
365 2634 412 2672 de
450 2632 631 2670 omnibus
670 2631 818 2682 pariter
853 2631 956 2669 idem
997 2631 1113 2669 debet
1152 2644 1236 2668 esse
1270 2630 1494 2680 judicium?
1551 2629 1707 2668 Deinde
1746 2627 1849 2680 quod

249 2698 386 2737 Cicero
407 2694 491 2733 sine
510 2697 626 2739 teste,
647 2692 731 2730 sine
752 2692 897 2730 tabulis
917 2706 961 2730 ac
980 2692 1117 2739 literis,
1143 2691 1310 2742 denique
1330 2695 1439 2729 extra
1459 2704 1614 2729 causam
1636 2690 1788 2728 dicebat
1807 2689 1850 2726 in

246 2759 445 2798 hominem
477 2754 690 2801 inimicum,
724 2767 969 2804 nequaquam
1003 2757 1160 2791 tantum
1190 2752 1375 2804 ponderis
1409 2753 1512 2804 apud
1542 2751 1849 2804 sapientissimos

247 2821 350 2858 viros
385 2817 565 2864 habebat,
597 2820 643 2854 ut
678 2815 725 2853 de
756 2815 945 2865 religione
982 2818 1131 2852 temere
1160 2814 1394 2865 judicarent.
1454 2815 1669 2861 Postremo,
1709 2816 1848 2851 utcun-

249 2895 324 2933 que
351 2881 414 2919 lex
442 2879 571 2930 aliqua
598 2878 678 2916 lata
708 2879 825 2925 esset,
855 2888 937 2914 non
966 2879 1122 2926 poterat
1151 2888 1174 2913 a
1187 2875 1387 2926 judicibus
1415 2876 1476 2915 vel
1504 2889 1527 2915 a
1555 2875 1716 2926 collegio
1749 2874 1848 2912 Pon-
