2002 3235
786 164 919 205 CAP.
953 166 992 204 5.
1608 173 1691 214 307

93 278 466 333 obtemperaretur,
487 293 538 318 ne
570 277 819 319 obnuntiare
842 277 1017 318 concilio
1049 282 1124 319 aut
1147 277 1339 327 comitiis,
1373 293 1425 319 ne
1456 279 1537 334 legi
1565 282 1690 323 inter-

90 345 237 384 cedere
277 343 450 389 liceret;
497 348 545 384 ut
581 343 648 383 lex
686 342 809 383 Aelia
842 348 884 384 et
922 343 1046 383 Fufia
1085 358 1137 383 ne
1178 343 1362 392 valeret3
1410 359 1516 399 quae
1556 349 1690 388 nostri

89 410 270 463 majores
292 409 525 449 certissima
556 408 744 449 subsidia
775 407 834 448 rei
865 408 1052 462 publicae
1074 413 1224 449 contra
1244 408 1495 450 tribunicios
1530 410 1691 453 furores

89 488 181 515 esse
217 474 451 515 voluerunt.
516 473 717 528 Idemque
752 478 913 528 postea,
952 488 1080 528 quum
1117 473 1429 515 innumerabilis
1463 475 1689 517 multitudo

88 539 291 580 bonorum
315 539 365 580 de
396 538 603 593 Capitolio
629 539 806 594 supplex
827 539 879 579 ad
902 554 995 580 eum
1021 539 1236 580 sordidata
1257 539 1452 590 venisset,
1481 555 1689 597 quumque

87 604 376 644 adolescentes
408 604 655 645 nobilissimi
688 605 914 659 cunctique
950 604 1110 659 equites
1145 604 1325 645 Romani
1358 620 1403 646 se
1438 606 1492 646 ad
1528 607 1689 648 lenonis

86 668 400 724 impudicissimi
431 670 560 724 pedes
594 669 863 724 abjecissent,
889 684 970 724 quo
993 670 1109 710 vultu
1143 670 1407 711 cincinnatus
1434 686 1571 726 ganeo
1605 688 1688 713 non

86 735 219 774 solum
260 735 411 775 civium
451 734 656 782 lacrimas,
699 750 842 775 verum
882 735 1011 775 etiam
1051 735 1213 789 patriae
1254 750 1400 790 preces
1436 737 1686 791 repudiavit.

89 799 234 854 Neque
265 815 314 840 eo
346 804 571 840 contentus
599 800 690 849 fuit,
714 801 787 841 sed
816 800 943 841 etiam
965 800 1006 840 111
1043 800 1281 841 contionem
1313 802 1513 852 escendit,
1554 817 1686 858 eaque

86 865 193 905 dixit
215 880 333 920 quae,
356 865 390 905 si
408 866 499 919 ejus
512 865 572 905 vir
596 865 775 906 Catilina
796 865 1029 915 revixisset,
1056 866 1192 906 dicere
1214 881 1297 907 non
1319 873 1431 907 esset
1453 882 1580 907 ausus
1599 884 1606 907 :
1640 882 1685 908 se

86 930 303 971 Nonarum
335 931 559 971 Decembr.
592 945 696 985 quae
729 945 794 970 me
826 931 994 971 consule
1034 931 1216 972 fuissent
1248 932 1422 986 clivique
1461 932 1686 987 Capitolini

84 1010 241 1051 poenas
275 996 328 1036 ab
362 995 572 1050 equitibus
606 996 808 1036 Romanis
846 1010 937 1037 esse
969 996 1274 1051 repetiturum;
1310 1011 1444 1051 neque
1480 998 1615 1037 solum
1643 997 1686 1038 id

84 1060 203 1109 dixit,
231 1061 305 1101 sed
337 1075 442 1115 quos
470 1060 507 1101 ei
539 1061 803 1101 commodum
838 1061 917 1102 fuit
949 1061 1234 1116 compellavit:
1274 1061 1322 1101 L.
1345 1077 1442 1103 vero
1482 1062 1684 1113 Lamiam,

83 1126 268 1181 equitem
304 1125 553 1175 Romanum,
587 1126 823 1181 praestanti
855 1126 1063 1181 dignitate
1096 1126 1304 1167 hominem
1337 1132 1380 1168 et
1411 1127 1537 1168 saluti
1568 1142 1684 1168 meae

82 1206 156 1246 pro
177 1191 472 1241 familiaritate,
497 1191 556 1231 rei
586 1191 776 1246 publicae
798 1207 872 1246 pro
894 1192 1072 1232 fortunis
1097 1192 1182 1232 suis
1203 1192 1513 1242 amicissimum,
1539 1193 1684 1234 consul

82 1256 327 1312 imperiosus
359 1256 471 1298 exire
495 1256 590 1312 [ex]
624 1258 725 1298 urbe
743 1257 897 1312 jussit:
933 1263 977 1299 et
999 1272 1125 1312 quum
1147 1272 1220 1298 vos
1246 1263 1407 1299 vestem
1437 1259 1683 1299 mutandam

81 1322 352 1363 censuissetis
373 1323 594 1377 cunctique
616 1324 871 1374 mutassetis,
901 1328 1029 1379 atque
1050 1324 1161 1364 idem
1183 1338 1327 1364 omnes
1356 1323 1454 1363 boni
1472 1324 1562 1377 jam
1583 1329 1683 1365 ante

80 1388 289 1437 fecissent,
322 1388 388 1428 1116
421 1388 648 1443 unguentis
677 1388 843 1437 oblitus,
875 1404 970 1429 cum
1002 1394 1103 1442 toga
1134 1393 1369 1443 praetexta,
1393 1403 1515 1443 quam
1538 1403 1682 1430 omnes

80 1458 297 1506 praetores
329 1453 564 1507 aedilesque
595 1458 684 1494 tum
719 1453 973 1507 abjecerant,
997 1453 1125 1494 irrisit
1161 1454 1395 1508 squalorem
1427 1459 1609 1494 vestrum
1638 1460 1681 1494 et

79 1517 237 1558 luctum
259 1518 524 1572 gratissimae
553 1518 760 1566 civitatis,
796 1518 991 1574 fecitque,
1019 1518 1129 1573 quod
1160 1533 1282 1560 nemo
1313 1534 1511 1574 uniquam
1542 1523 1680 1573 tyran—

902 1649 977 1689 quid
994 1660 1142 1688 magnum
1158 1650 1308 1688 adjecisse
1323 1650 1427 1680 vellet.
1474 1651 1566 1681 Conf.
1584 1661 1679 1691 supra

77 1648 132 1677 the
142 1647 268 1678 tribune
278 1648 478 1684 Terentillus‚
492 1651 511 1665 “
521 1649 600 1688 Livy
611 1649 712 1678 shows
722 1649 792 1678 that
803 1649 856 1679 the

902 1693 942 1731 (c.
960 1695 979 1722 ⁴2
996 1703 1072 1721 near
1084 1693 1138 1722 the
1154 1693 1230 1733 end)
1244 1697 1275 1723 et
1292 1693 1341 1723 De
1359 1694 1463 1723 Domo
1484 1693 1524 1734 (c.
1543 1696 1576 1724 3:
1597 1699 1677 1725 ‘non

79 1691 190 1721 Plebes
210 1691 349 1730 through
365 1692 431 1721 fear
446 1692 481 1721 of
493 1692 623 1730 religion
641 1692 734 1721 chose
750 1692 856 1721 rather

76 1737 110 1764 to
122 1734 199 1774 obey
213 1734 268 1764 the
284 1735 394 1764 consul
404 1735 480 1764 than
497 1739 579 1764 trust
592 1738 624 1764 to
635 1735 689 1764 the
700 1735 853 1770 tribunes,

77 1778 187 1816 saying
203 1778 234 1806 in
247 1777 356 1807 favour
372 1779 408 1808 of
416 1779 470 1808 the
485 1778 612 1808 ancient
623 1778 754 1815 religion
765 1778 854 1807 these

76 1821 197 1849 words:
223 1821 373 1850 Nondum
391 1822 468 1851 haec
484 1832 564 1860 quae
585 1831 669 1851 nunc
685 1825 772 1851 tenet
787 1831 853 1851 sae-

76 1863 182 1892 culum
210 1865 401 1903 negligentia
423 1865 517 1894 deum
547 1868 685 1900 veneraty
718 1874 775 1894 nec
805 1865 852 1894 in-

76 1907 276 1945 terpretando
308 1907 365 1936 sibi
397 1908 530 1946 quisque
564 1908 786 1946 jusjurandum
821 1912 853 1937 et

75 1948 160 1987 leges
176 1952 265 1988 aptas
281 1949 447 1980 faciebat.’'

119 1993 152 2020 in
170 1994 346 2021 contionem
360 1993 525 2032 ascendia]
554 1997 560 2009 ⁴
572 1993 735 2026 escendit‚’
754 1994 799 2028 P.‚
817 2003 851 2023 as

76 2034 264 2064 Gulielmius
277 2035 488 2073 conjectured.
535 2035 624 2065 Most
640 2036 675 2065 of
687 2036 740 2065 the
753 2036 849 2066 MsS.

75 2077 154 2106 have
185 2081 192 2093 ‘
204 2078 366 2107 aseendit!
413 2078 484 2108 Vol.
517 2078 563 2107 II.
594 2079 644 2108 De
676 2079 758 2118 Imp.
791 2080 850 2109 Cn.

76 2120 227 2159 Pompeii,
245 2130 271 2150 6.
293 2122 341 2151 18.

117 2163 209 2192 Wolf
229 2173 390 2201 compares
416 2163 470 2193 the
494 2173 625 2202 passage
642 2163 701 2192 ‘ad
727 2163 850 2193 lenonis

73 2206 301 2245 impurissimi,’
327 2207 426 2236 which
455 2207 584 2245 reading
609 2206 648 2235 he
672 2206 789 2245 prefers
816 2211 849 2235 to

75 2249 357 2287 ι1111]111(11615511111,’
388 2249 463 2279 with
494 2250 548 2278 the
579 2259 708 2288 passage
738 2249 769 2277 in
796 2249 849 2278 the

72 2292 194 2321 oration
214 2292 272 2321 Pro
291 2293 402 2327 Sestio,
421 2304 446 2322 c.
465 2293 519 2322 ll:
538 2292 648 2321 “unde
665 2292 740 2321 haec
756 2291 848 2321 uber-

71 2338 119 2364 tas
136 2335 301 2364 verborum
320 2336 421 2371 fluxit,
442 2346 505 2364 11011
529 2335 596 2364 51116
619 2335 756 2364 auctario
772 2345 848 2374 quo-

55 2377 154 2413 dam,
187 2388 249 2417 quo
277 2378 497 2418 φορτικώνεμα
525 2379 615 2407 fieret
641 2378 750 2407 oratio.
799 2378 848 2407 516

72 2421 124 2460 qui
142 2421 235 2450 modo
260 2427 327 2451 erat
348 2423 427 2457 leno,
453 2421 558 2450 statim
575 2425 716 2450 mutatur
732 2421 763 2450 in
781 2422 847 2450 cin·
867 2430 871 2432 ·

72 2465 235 2493 cinnalum
259 2474 442 2502 yaneonem,
464 2474 526 2503 quo
551 2464 678 2493 1101111116
695 2463 847 2493 Gabinius

72 2516 227 2544 nusquam
244 2507 419 2545 appellatur
434 2518 452 2536 a
469 2508 629 2537 Cicerone.
678 2507 738 2542 516,
764 2507 846 2545 quod

72 2548 123 2577 hic
139 2548 215 2587 (Pro
239 2549 351 2585 Sestio,
377 2560 402 2579 c.
424 2550 476 2590 ll)
501 2550 576 2579 dicit
593 2551 780 2588 ampliSSimz'
797 2560 847 2578 or-

72 2591 157 2620 dinis
168 2601 281 2629 preces
296 2596 328 2621 et
344 2594 594 2622 clarissimorum
617 2594 732 2622 civium
749 2593 846 2622 lacri-

71 2644 149 2668 mas,
166 2633 236 2669 iste,
257 2644 290 2663 re
317 2635 349 2663 in
376 2636 510 2674 speciem
534 2640 636 2670 aucta,
659 2636 759 2670 effert,
784 2645 847 2665 non

71 2677 173 2705 solum
198 2677 313 2705 civium
340 2678 501 2713 lacrimas,
527 2688 635 2708 veram
661 2679 757 2708 etiam
783 2689 844 2717 pa-

73 2720 156 2748 triae
182 2728 305 2757 preces.
361 2720 431 2752 Quo
462 2721 529 2749 1060
558 2721 760 2751 memorabile
786 2724 844 2755 651,

72 2761 195 2799 saepius
211 2762 358 2791 accidisse
375 2763 447 2792 huic
464 2764 623 2802 Scriptori‚
642 2768 686 2799 111,
704 2764 756 2793 ubi
774 2774 844 2803 par-

71 2804 182 2833 ticulas
213 2804 288 2833 istas
326 2810 467 2843 poneret,
501 2816 563 2835 non
593 2808 705 2842 solmn,
736 2817 845 2836 verum

72 2848 179 2881 etiam,
208 2847 239 2875 in
263 2847 361 2877 altero
385 2848 527 2878 membro
551 2852 605 2878 aut
629 2850 732 2878 minus
754 2850 845 2888 quid-

71 2889 143 2919 dam
167 2889 316 2930 adjicerct
338 2894 393 2923 aut
416 2891 545 2921 omnino
568 2891 657 2928 nihil,
674 2902 770 2932 quum
788 2893 844 2923 ali-

900 1735 1001 1764 solum
1019 1736 1086 1765 sine
1102 1736 1173 1765 ullis
1190 1736 1309 1775 copiis,’
1328 1736 1437 1775 &c.).''

944 1778 957 1807 I
976 1778 1054 1807 have
1075 1779 1166 1808 made
1190 1779 1253 1808 this
1276 1783 1397 1808 extract
1421 1779 1552 1809 because
1575 1780 1600 1810 it
1617 1780 1643 1810 is
1659 1791 1678 1810 a

899 1821 1057 1860 specimen
1082 1822 1118 1851 of
1138 1822 1253 1852 Wolf’s
1269 1833 1335 1861 way
1352 1822 1387 1851 of
1409 1823 1588 1861 examining
1614 1823 1677 1853 this

898 1865 1030 1901 oration,
1052 1865 1114 1894 and
1132 1865 1214 1894 what
1230 1865 1270 1895 he
1286 1866 1389 1894 writes
1406 1866 1430 1894 is
1446 1866 1560 1905 always
1577 1866 1677 1896 worth

896 1908 1036 1946 reading.

940 1961 1038 1989 eaque
1064 1951 1165 1990 dizit]
1217 1951 1269 1981 He
1293 1961 1400 1980 means
1424 1951 1459 1980 of
1479 1961 1589 1981 course
1607 1952 1677 1981 that

898 1993 1051 2023 Gabinius
1073 1994 1138 2023 said
1155 1994 1239 2024 what
1255 1994 1391 2024 Catilina
1408 1995 1510 2023 would
1527 1998 1583 2025 not
1598 1995 1676 2025 have

896 2036 990 2065 dared
1017 2040 1051 2065 to
1075 2046 1140 2075 say,
1157 2037 1184 2065 if
1203 2037 1242 2066 he
1266 2037 1328 2066 had
1350 2040 1487 2067 corneto
1504 2038 1568 2068 life.
1615 2038 1676 2068 We

896 2078 976 2109 have
1003 2080 1092 2117 ‘ejus
1116 2080 1162 2108 vir
1189 2079 1353 2116 Catilina3’
1378 2080 1433 2110 the
1457 2090 1542 2110 sanie
1568 2081 1671 2119 again.

898 2121 955 2151 See
986 2132 1011 2151 6.
1038 2124 1068 2152 4.
1117 2122 1255 2161 Perhaps
1281 2123 1344 2152 this
1372 2123 1398 2152 is
1428 2133 1446 2152 a
1474 2133 1603 2162 passage
1633 2134 1674 2153 on

895 2164 995 2193 which
1026 2175 1044 2193 a
1070 2165 1194 2193 remark
1224 2165 1250 2194 is
1281 2166 1490 2204 superfluous,
1522 2176 1555 2195 as
1586 2177 1673 2197 some

894 2207 1007 2245 people
1037 2207 1101 2235 find
1135 2217 1175 2236 110
1206 2207 1394 2238 difficulties.
1441 2208 1505 2238 But
1535 2209 1560 2238 it
1586 2209 1612 2239 is
1639 2210 1673 2239 ill

895 2249 971 2284 said,
988 2249 1048 2278 and
1067 2249 1167 2288 might
1183 2249 1222 2279 be
1239 2250 1405 2280 mistaken.
1451 2251 1520 2280 The
1537 2253 1601 2281 real
1617 2263 1671 2282 ex-

895 2292 1036 2330 pression
1052 2293 1078 2321 is
1095 2292 1126 2320 in
1144 2293 1197 2322 the
1213 2294 1334 2322 oration
1353 2294 1413 2323 Pro
1436 2294 1548 2330 Sestio,
1574 2305 1600 2324 6.
1622 2296 1670 2332 12,

896 2334 1021 2364 “habet
1058 2336 1232 2365 orationem
1267 2336 1362 2366 talem
1393 2337 1513 2372 consul,
1545 2338 1671 2377 qualem

894 2387 1066 2416 numquam
1085 2377 1221 2408 Catilina
1236 2379 1336 2408 victor
1351 2379 1548 2409 habuisset.'’

937 2421 1107 2450 Nonarum
1160 2422 1346 2461 Decembr.]
1409 2422 1479 2452 The
1527 2423 1587 2463 day
1628 2434 1670 2453 011

892 2463 993 2492 which
1025 2463 1078 2493 the
1108 2465 1318 2503 conspirators
1345 2475 1426 2495 were
1455 2466 1608 2496 executed
1639 2470 1672 2507 at

895 2506 1006 2535 Rome.

935 2550 975 2578 L.
995 2571 1001 2578 .
1021 2571 1028 2578 .
1047 2571 1053 2578 .
1072 2549 1248 2588 Lamiam‚]
1289 2550 1347 2579 See
1364 2550 1424 2580 Pro
1442 2550 1554 2587 Sestio,
1571 2561 1597 2580 c.
1620 2553 1668 2581 12.

892 2592 944 2621 All
968 2592 1030 2622 this
1054 2602 1183 2631 passage
1199 2592 1296 2622 about
1312 2593 1366 2622 the
1383 2593 1540 2632 changing
1560 2594 1595 2622 of
1615 2594 1670 2623 the

892 2635 978 2664 dress
1009 2635 1034 2664 is
1066 2635 1163 2674 heavy
1193 2635 1254 2664 and
1285 2635 1343 2664 full
1374 2636 1409 2664 of
1429 2637 1609 2675 repetition,
1634 2646 1668 2665 as

892 2677 1059 2707 Markland
1077 2677 1231 2707 observes.

931 2721 1150 2759 {fratis-simae]
1202 2720 1296 2750 Halm
1321 2720 1479 2750 mentions
1500 2730 1542 2750 no
1566 2721 1666 2750 varia-

890 2764 956 2792 tion
983 2764 1067 2793 here.
1116 2764 1154 2792 In
1178 2773 1264 2793 501116
1288 2763 1423 2793 editions
1439 2763 1464 2792 it
1486 2764 1511 2792 is
1529 2764 1665 2802 ‘gravis-

891 2806 1010 2836 simae.’

924 2850 1072 2888 fecitque
1090 2871 1096 2878 .
1116 2871 1123 2878 .
1142 2871 1149 2878 .
1167 2849 1332 2887 ediceret]
1383 2849 1415 2878 If
1432 2859 1449 2878 a
1465 2848 1574 2878 reader
1590 2849 1665 2879 does

891 2896 947 2922 not
972 2892 1037 2921 find
1065 2892 1244 2930 something
1270 2892 1343 2921 here
1368 2891 1436 2921 that
1461 2891 1569 2921 makes
1599 2892 1664 2922 him

854 2936 933 2974 x2
