2002 3235
757 177 890 221 OAP.
925 179 1105 222 29—31.
1649 183 1725 224 ‘201

121 293 271 342 victus,
295 291 423 334 toties
456 296 678 334 renovetur
699 292 899 333 memoria
930 307 1005 348 per
1032 307 1098 333 me
1132 291 1328 333 inventae
1360 291 1520 340 salutis,
1544 306 1622 347 ego
1651 293 1728 334 sim

122 364 208 399 tam
224 358 406 407 demens,
423 373 500 412 ego
518 358 781 399 committam
798 364 846 399 ut
859 373 908 398 ea
924 373 1030 413 quae
1044 373 1119 413 pro
1137 357 1270 398 salute
1288 358 1473 398 omnium
1486 358 1610 413 gessi,
1631 373 1729 398 casu

125 423 259 478 magis
287 429 331 464 et
352 423 553 464 felicit-ate
582 438 607 464 a
628 438 693 463 me
715 437 838 477 quam
859 424 1012 464 virtute
1038 428 1082 464 et
1103 422 1276 464 consilio
1307 428 1429 477 gesta
1452 437 1542 463 esse
1565 422 1729 463 videan-

126 493 194 529 tur
211 488 393 540 Z—Quid
416 503 529 542 ergO,
553 488 632 528 1100
654 487 731 529 tibi
749 488 889 538 sumis,
915 488 1028 529 dicet
1049 489 1233 529 fortasse
1255 487 1473 542 quispiam,
1497 494 1543 528 ut
1566 487 1661 542 quia
1683 494 1730 529 tu

127 553 312 593 defendis
340 553 540 593 innocens
568 552 783 607 judicetur
800 553 968 607 3—Ego
1002 568 1110 603 vero,
1140 553 1317 607 judices,
1356 567 1438 593 non
1475 553 1599 592 modo
1631 553 1730 592 mihi

127 617 227 658 nihil
247 632 414 658 assumo
436 617 474 657 in
500 632 580 672 quo
603 617 808 672 quispiam
830 623 1048 672 repugnet,
1073 619 1146 659 sed
1176 617 1318 666 etiam,
1342 617 1376 657 si
1405 617 1503 672 quid
1525 619 1579 658 ab
1601 618 1730 657 0111111-

127 683 206 723 bus
239 683 494 732 conceditur,
525 683 566 722 id
588 683 716 723 reddo
739 698 787 723 ac
810 683 992 724 remitto.
1057 684 1153 724 Non
1182 683 1223 723 in
1255 698 1304 723 ea
1324 698 1368 724 re
1390 683 1554 738 publica
1574 697 1727 732 versor,

128 762 211 788 non
229 748 278 788 iis
298 748 557 803 temporibus
579 755 867 803 caput‘meum
889 749 1021 790 obtuli
1043 764 1118 804 pro
1140 748 1278 804 patria
1301 748 1494 803 periculis
1524 747 1729 796 omnibus,

129 827 212 853 non
233 818 307 854 aut
328 812 387 854 ita
418 817 516 853 sunt
547 813 745 854 exstincti
768 828 871 868 quos
892 813 982 864 vici,
1016 819 1091 854 aut
1122 814 1182 854 ita
1202 813 1315 868 grati
1347 828 1449 868 quos
1474 813 1646 862 servavi,
1684 818 1732 854 ut

129 892 207 932 ego
241 878 341 918 mihi
366 878 458 932 plus
489 883 687 932 appetere
714 893 840 918 coner
862 893 986 933 quam
1008 884 1212 934 quantum
1235 893 1378 919 omnes
1411 878 1566 918 inimici
1589 878 1732 918 invidi-

129 958 208 998 que
239 943 468 998 patiantur.
531 942 669 983 Grave
695 958 787 984 esse
817 943 984 985 videtur
1017 959 1112 984 eum
1146 944 1214 999 qui
1246 943 1510 998 investigarit
1543 943 1732 996 conjura-

129 1008 299 1055 tionem,
334 1008 402 1063 qui
438 1008 696 1063 patefecerit,
735 1008 804 1062 qui
841 1009 1109 1064 oppresserit,
1147 1009 1213 1050 cui
1245 1013 1416 1049 senatus
1451 1008 1732 1063 singularibus

128 1073 267 1114 verbis
302 1073 461 1128 gratias
501 1073 648 1128 egerit,
692 1074 757 1114 cui
798 1074 867 1114 uni
908 1079 1056 1129 togato
1099 1074 1444 1129 supplicationem
1485 1073 1729 1119 decreverit,

130 1139 268 1179 dicere
301 1139 341 1178 in
368 1138 550 1193 judicio;
587 1139 681 1179 Non
716 1139 992 1189 defenderem,
1023 1139 1058 1180 si
1087 1140 1365 1194 conjurasset.
1428 1139 1523 1179 Non
1553 1138 1645 1179 dico
1677 1138 1729 1185 id,

130 1204 240 1259 quod
271 1218 395 1258 grave
424 1208 515 1250 est;
550 1203 642 1244 dico
667 1204 780 1253 illud,
818 1204 928 1259 quod
957 1204 998 1244 in
1031 1204 1096 1244 his
1125 1204 1284 1245 caussis
1313 1204 1614 1258 conjurationis
1650 1219 1732 1243 non

128 1269 371 1310 auctoritati
404 1283 625 1317 assumam,
664 1270 738 1309 sed
774 1269 920 1323 pudori
953 1284 1073 1310 meo:
1111 1269 1205 1324 Ego
1238 1269 1304 1310 ille
1340 1268 1639 1323 conjurationis
1673 1269 1731 1308 in-

129 1335 362 1389 vestigator
391 1341 519 1389 atque
550 1335 662 1374 ultor
689 1339 803 1375 certe
832 1349 914 1374 non
941 1335 1205 1375 defenderem
1235 1334 1403 1384 Sullam,
1428 1334 1462 1373 si
1491 1334 1732 1387 conjurasse

130 1399 543 1454 arbitra1·er.—Ego,
568 1399 742 1453 judices,
768 1399 818 1439 de
842 1399 972 1440 tantis
995 1399 1177 1439 omnium
1199 1399 1392 1452 periculis
1415 1414 1540 1453 quum
1562 1413 1731 1453 quaere-

130 1481 218 1506 rem
240 1465 389 1514 omnia,
414 1465 544 1505 multa
577 1464 774 1514 audirem,
809 1466 1022 1505 crederem
1053 1480 1135 1505 non
1173 1465 1322 1513 omnia,
1357 1479 1545 1505 caverem
1579 1464 1730 1508 omnia,

132 1531 225 1571 dico
247 1531 338 1577 hoc,
363 1530 473 1585 quod
502 1530 621 1570 initio
644 1530 742 1579 dixi,
768 1529 918 1570 nullius
940 1530 1108 1580 indicio,
1129 1529 1280 1570 nullius
1310 1529 1557 1585 suspicione,
1581 1529 1733 1570 nullius

130 1596 283 1637 litteris
301 1596 351 1635 de
375 1595 424 1635 P.
449 1595 563 1636 Sulla
584 1610 671 1635 rem
692 1595 819 1635 ullam
840 1596 893 1635 ad
917 1609 982 1634 me
1005 1610 1095 1635 esse
1118 1595 1328 1642 delatam?

190 1660 382 1701 XXXI.
420 1660 702 1711 Quamobrem
733 1674 818 1709 VOS,
850 1660 905 1700 dii
942 1660 1068 1714 patrii
1101 1674 1150 1700 ac
1185 1665 1372 1715 penates,
1411 1659 1480 1714 qui
1511 1659 1607 1700 huic
1640 1660 1732 1700 urbi

132 1732 259 1781 atque
295 1726 391 1766 huic
422 1726 481 1766 rei
515 1725 707 1780 publicae
740 1725 1002 1780 praesidetis,
1038 1725 1106 1779 qui
1140 1725 1218 1765 1100
1253 1725 1485 1780 imperium,
1520 1725 1588 1780 qui
1625 1725 1733 1765 hanc

130 1792 380 1840 libertatem,
404 1790 472 1846 qui
494 1791 691 1846 populum
714 1791 961 1838 Romanum,
987 1790 1055 1844 qui
1078 1790 1181 1830 haec
1203 1795 1319 1830 tecta
1340 1798 1467 1844 atque
1489 1790 1646 1845 templa
1666 1805 1732 1830 me

130 1857 298 1897 consule
320 1862 459 1898 vestro
482 1856 649 1896 numine
670 1855 905 1910 auxilioque
922 1855 1133 1905 servastis,
1150 1860 1299 1904 testor,
1323 1855 1486 1909 integro
1507 1870 1573 1895 me
1595 1855 1733 1896 animo

131 1937 179 1962 ac
200 1922 329 1962 libero
354 1922 403 1963 P.
428 1921 565 1962 Sullae
587 1936 776 1962 caussam
799 1921 1046 1966 defendere;
1084 1920 1238 1960 nullum
1261 1935 1285 1960 a
1305 1935 1371 1960 me
1393 1920 1550 1960 sciente
1574 1920 1733 1960 facinus

133 1987 345 2036 occultari,
370 1987 525 2027 nullum
548 1986 681 2027 scelus
709 1991 951 2041 susceptum
981 1990 1128 2026 contra
1156 1985 1333 2025 salutem
1363 1985 1545 2025 omnium
1569 1985 1733 2026 defendi

133 2067 182 2092 ac
208 2052 309 2107 tegi.
372 2051 484 2091 Nihil
515 2052 566 2091 de
594 2051 673 2091 hoc
706 2051 849 2091 consul
878 2050 1072 2105 comperi,
1098 2049 1199 2089 nihil
1230 2049 1465 2103 suspicatus
1495 2064 1600 2099 sum,
1632 2050 1733 2089 nihil

134 2184 141 2196 ‘
153 2180 321 2209 convincor
335 2179 342 2191 ’
359 2180 384 2208 is
401 2179 558 2218 generally
574 2178 717 2208 followed
741 2178 782 2217 by
798 2188 838 2207 an
855 2178 910 2207 ab·

133 2223 226 2253 lative
243 2223 376 2252 without
393 2222 459 2251 ‘in'
477 2232 513 2251 or
529 2221 569 2261 by
586 2232 603 2251 a
619 2221 765 2259 genitive,
783 2231 819 2250 or
835 2221 909 2250 with

134 2266 211 2296 ‘de’
243 2266 304 2295 and
340 2266 392 2295 the
422 2265 568 2294 ablative.
626 2265 720 2294 Halm
753 2264 849 2293 refers
877 2267 910 2292 to

132 2309 233 2339 Tacit.
259 2310 342 2339 Arm.
368 2319 418 2338 xv.
446 2312 496 2338 44.
523 2308 633 2338 Cicero
661 2308 699 2337 de
728 2307 854 2336 Invent.
878 2307 910 2336 ii.

133 2362 159 2381 c.
182 2353 232 2384 10.

177 2405 251 2425 casu
283 2395 385 2433 mayis
416 2397 445 2424 et
466 2392 652 2432 felicitate]

133 2438 239 2467 rather
254 2438 316 2467 and
331 2437 469 2476 through
484 2436 566 2474 good
583 2436 708 2465 fortune
719 2435 736 2471 3'
754 2436 802 2464 for
819 2438 826 2451 ⁴
841 2435 909 2464 feli-

133 2480 230 2510 ciras⁷
258 2481 284 2510 is
309 2480 363 2509 the
390 2481 447 2519 gift
472 2479 506 2508 of
537 2479 685 2508 Fortuna.
733 2479 811 2508 Cato
845 2477 909 2516 (Ad

134 2524 206 2553 Div.
237 2534 267 2553 x.
300 2525 330 2552 5.
362 2524 395 2562 5)
429 2532 498 2561 says
529 2522 562 2551 111
586 2532 604 2551 a
629 2522 721 2551 letter
741 2525 773 2550 to
799 2520 909 2550 Cicero

133 2567 256 2595 written
285 2566 359 2604 long
386 2565 465 2595 after
491 2565 554 2594 this
582 2565 762 2603 something
793 2569 825 2593 to
853 2564 908 2593 the

133 2619 219 2638 same
234 2609 335 2642 effect,
353 2608 410 2638 but.
426 2609 458 2637 in
475 2608 620 2637 different
636 2607 747 2637 words.

171 2661 234 2690 pro
248 2651 374 2690 patria]
406 2651 499 2680 Halm
517 2660 586 2689 says
603 2651 671 2680 that
687 2651 727 2679 all
743 2650 797 2679 the
812 2649 906 2678 MSS.

133 2694 211 2723 have
229 2698 235 2710 ⁴
251 2703 306 2733 pro
322 2694 440 2732 patriae
456 2693 602 2731 periculis
618 2693 764 2722 omnibus
779 2692 797 2727 ς’
817 2692 873 2721 but
889 2702 907 2720 a

134 2737 237 2766 dative
266 2737 292 2765 is
323 2736 466 2774 required
495 2736 574 2765 after
604 2735 906 2774 6011111113-*111115

134 2784 282 2818 appetere
294 2778 313 2808 ι’
338 2788 485 2818 compare
502 2781 508 2794 ‘
523 2779 547 2808 si
564 2779 742 2818 appetimus
763 2777 904 2817 aliquid‚’

135 2832 161 2851 0.
179 2824 230 2852 29.

177 2864 396 2903 Siuyularibus
419 2863 536 2902 verbis]
576 2863 634 2893 See
660 2864 699 2893 In
725 2863 792 2893 Cat.
818 2862 860 2892 iii.
878 2863 907 2897 6,

135 2907 238 2937 where
265 2907 304 2936 he
331 2907 415 2945 gives
442 2906 496 2936 the
519 2906 630 2936 words.
678 2906 764 2936 Here
788 2906 828 2935 110
852 2905 909 2935 has

696 2396 702 2408 ¹
718 2392 766 2431 By
795 2392 912 2421 chance

957 2176 1088 2216 ‘grave’
1114 2177 1223 2215 again:
1248 2177 1273 2206 it
1294 2177 1395 2215 might
1419 2176 1458 2206 be
1481 2177 1643 2213 offensive,
1671 2177 1697 2207 if
1716 2188 1734 2207 a.

956 2231 1028 2249 man
1046 2220 1159 2249 should
1176 2230 1239 2258 say,
1266 2223 1284 2236 “
1299 2219 1313 2249 I
1331 2220 1434 2248 would
1451 2223 1507 2249 not
1524 2220 1636 2250 defend
1654 2221 1732 2255 him,

956 2263 982 2292 if
1002 2263 1041 2292 he
1062 2262 1123 2292 had
1140 2262 1218 2291 been
1238 2273 1256 2291 a
1272 2262 1501 2301 conspirator.”
1548 2263 1617 2293 The
1633 2264 1732 2293 offen-

958 2306 1021 2335 5110
1048 2310 1119 2345 part
1147 2306 1182 2334 of
1204 2305 1267 2334 this
1293 2306 1473 2344 expression
1500 2306 1526 2335 is
1553 2306 1608 2335 the
1633 2307 1733 2336 latent

957 2358 1147 2386 arrogance:
1184 2348 1238 2376 the
1266 2352 1370 2377 orator
1398 2348 1504 2378 makes
1530 2349 1657 2378 himself
1679 2350 1732 2378 the

954 2391 1058 2429 judge.
1107 2391 1210 2420 There
1236 2391 1261 2419 is
1293 2401 1379 2420 some
1411 2401 1544 2420 sarcasm
1577 2402 1612 2420 or
1642 2393 1733 2430 irony

956 2435 1042 2469 here,
1068 2444 1101 2463 as
1133 2434 1297 2462 Manutius
1325 2444 1405 2472 says.
1455 2435 1517 2463 But
1548 2435 1670 2464 instead
1701 2435 1736 2464 of

955 2477 1064 2515 saying
1088 2477 1161 2510 this,
1180 2476 1288 2505 Cicero
1313 2486 1394 2514 says,
1420 2476 1459 2506 he
1475 2477 1537 2506 will
1558 2487 1682 2507 assume
1699 2482 1732 2506 to

956 2531 1009 2559 say
1027 2520 1109 2548 what
1133 2519 1172 2548 he
1195 2519 1373 2548 afterwards
1398 2529 1479 2558 says,
1505 2525 1560 2548 not
1576 2530 1609 2549 as
1625 2531 1664 2549 an
1682 2530 1731 2549 as-

953 2563 1069 2592 sertion
1095 2567 1127 2591 to
1151 2561 1190 2590 be
1214 2561 1352 2591 received
1370 2572 1410 2590 on
1433 2562 1480 2591 his
1497 2563 1605 2598 credit,
1624 2563 1681 2591 but
1697 2573 1730 2591 as

953 2606 1035 2634 what
1059 2616 1076 2634 a
1098 2614 1170 2633 man
1196 2615 1265 2642 may
1290 2604 1443 2643 modes-ily
1462 2615 1536 2643 say:
1563 2609 1581 2621 ‘⁴
1596 2606 1609 2634 I
1627 2605 1731 2634 would

954 2653 1009 2677 not
1026 2648 1104 2677 have
1121 2647 1273 2676 defended
1292 2647 1388 2681 Sulla,
1414 2647 1440 2675 if
1461 2648 1474 2676 I
1494 2647 1555 2676 had
1572 2648 1730 2686 supposed

953 2692 1018 2721 him
1035 2695 1068 2720 to
1085 2691 1162 2719 have
1179 2690 1256 2719 been
1275 2700 1291 2718 a
1309 2689 1537 2728 conspirator.”

997 2735 1117 2763 nullius
1130 2732 1279 2771 indicim]
1301 2732 1395 2761 Halm
1411 2732 1488 2761 adds
1502 2732 1635 2761 ‘nullius
1649 2742 1730 2761 nun-

953 2776 1020 2811 tio‚’
1037 2777 1116 2806 from
1137 2776 1172 2805 E.

997 2821 1048 2850 31.
1074 2820 1128 2858 qui
1145 2820 1227 2847 hanc
1244 2818 1434 2851 libertatem,
1452 2815 1528 2855 &c.]
1557 2820 1563 2833 ‘
1579 2817 1632 2856 qui
1649 2817 1730 2847 hanc

955 2884 962 2891 .
981 2884 989 2891 .
1008 2886 1014 2892 .
1034 2860 1237 2896 Romanum,’
1256 2861 1360 2889 llalm.
1406 2860 1509 2889 There
1525 2860 1550 2888 is
1567 2870 1584 2889 a
1600 2860 1730 2900 reading

955 2908 961 2922 ‘
976 2905 1152 2934 libertatem
1174 2903 1391 2943 populumque
1409 2902 1612 2932 Romanum!
