2002 3235
568 498 631 539 M.
666 498 884 539 TULLII
928 498 1257 541 CICERONIS

886 631 952 652 PRO

145 736 225 811 A.
320 737 749 813 LICINIO
840 737 1256 813 ARCHIA
1348 737 1689 814 POETA

752 898 1074 946 ORATIO

761 1012 824 1043 AD
854 1012 1058 1044 JUDICES.

688 1219 1111 1259 ARGUMENTUM
1125 1221 1148 1258 ¹.

156 1310 198 1340 A.
212 1310 360 1340 Licinius
370 1310 513 1340 Archias
528 1319 561 1340 se
573 1310 685 1340 studiis
700 1311 831 1350 poeticis
847 1311 977 1348 dedidit,
991 1315 1023 1341 et
1037 1311 1189 1351 adprime,
1206 1314 1242 1341 ut
1253 1311 1428 1347 videbatur,
1446 1311 1592 1341 excelluit
1607 1311 1639 1341 in
1656 1311 1716 1341 hoc

112 1363 227 1392 genere
252 1353 439 1383 litterarum.
484 1353 634 1383 Amicitia
656 1354 751 1392 igitur
767 1355 861 1384 etiam
880 1354 953 1384 viris
977 1355 1163 1385 inlustribus
1183 1354 1378 1384 familiariter
1404 1355 1568 1393 copulatus
1596 1357 1653 1390 est,
1679 1358 1715 1384 ut

114 1396 182 1435 ipse
197 1396 246 1427 M.
263 1396 386 1426 Tullius
401 1396 435 1425 in
451 1396 600 1426 orationis
623 1396 718 1435 hujus
740 1397 918 1427 narratione
942 1399 1122 1437 confirmat.
1167 1398 1304 1428 Interim
1326 1399 1406 1428 satis
1429 1398 1521 1436 lonyo
1546 1398 1714 1427 intervallo

115 1449 211 1478 quum
235 1442 314 1469 esset
330 1449 402 1469 cum
423 1439 463 1468 L.
481 1440 619 1468 Lucullo
636 1441 669 1469 in
687 1440 836 1470 Siciliam
852 1440 1032 1479 profectus,
1051 1443 1081 1469 et
1098 1451 1194 1479 quum
1211 1450 1250 1470 az*
1266 1451 1303 1470 ea
1321 1441 1492 1479 provincia
1513 1450 1584 1470 cum
1608 1440 1715 1470 eodem

113 1483 154 1512 L.
170 1483 309 1512 Lucullo
334 1482 567 1521 reqrederetur,
586 1482 773 1512 Heracleam
789 1483 884 1519 venit,
904 1493 983 1523 quae
1007 1487 1084 1513 tunc
1107 1487 1174 1513 erat
1190 1484 1296 1513 civitas
1320 1483 1490 1519 foederata,
1507 1486 1538 1513 et
1562 1482 1715 1512 ascribtus

114 1528 163 1555 est
185 1525 219 1555 in
246 1525 387 1555 ordinem
409 1525 658 1555 Heracliensium
683 1526 768 1556 civis.
815 1526 905 1556 Tunc
931 1527 1076 1556 Silvanus
1095 1530 1127 1556 et
1152 1526 1254 1557 Carbo
1282 1537 1345 1557 cos.
1373 1527 1474 1565 legem
1499 1527 1652 1562 tulerunt,
1678 1529 1716 1555 ut

114 1578 235 1604 omnes,
253 1569 305 1608 qui
322 1572 427 1598 essent
442 1578 480 1597 ex
497 1568 662 1598 foederatis
679 1569 813 1608 popufis,
831 1570 987 1599 civitatem
1007 1569 1183 1599 Romanam
1200 1574 1485 1609 consequerentur:
1510 1570 1535 1599 si
1551 1569 1646 1599 modo
1661 1569 1715 1598 illo

113 1615 267 1651 tempore,
285 1621 347 1650 quo
363 1611 413 1640 lex
429 1611 493 1641 lata
519 1615 611 1647 esset,
629 1611 822 1641 domicilium
846 1613 878 1642 in
903 1613 995 1642 Italia
1017 1612 1180 1649 haberent,
1198 1616 1230 1642 et
1251 1613 1334 1642 intra
1358 1613 1440 1642 diem
1465 1610 1716 1651 sexagensimum

112 1655 245 1694 professi
259 1654 344 1694 apud
365 1658 541 1693 praetorem
565 1654 709 1684 fuissent.
757 1655 846 1688 Quae
869 1666 967 1695 quum
992 1655 1114 1685 Licinio
1130 1656 1264 1685 Archiae
1287 1656 1326 1685 ad
1347 1655 1554 1685 obtinendum
1568 1655 1620 1693 jus
1641 1654 1715 1684 civi-

114 1698 188 1727 tatis
206 1698 368 1727 Romanae
383 1702 569 1737 argumenta
584 1697 740 1733 deessent,
757 1698 906 1737 quoniam
924 1708 1025 1738 neque
1043 1698 1159 1728 tabulis
1178 1698 1429 1728 Heracliensium
1445 1698 1578 1737 probare
1594 1701 1717 1737 poterat

113 1740 305 1771 asdcribtum
323 1751 355 1770 se
370 1741 402 1770 in
419 1740 561 1770 ordinem
578 1741 710 1777 civium3
734 1742 851 1780 quippe
872 1741 1061 1771 tabularium
1079 1742 1213 1772 civitatis
1228 1742 1311 1771 illius
1328 1745 1484 1772 exarserat
1500 1741 1582 1770 bello
1598 1741 1715 1775 sociali,

113 1794 173 1814 nec
197 1783 280 1814 bona
304 1794 360 1814 sua
383 1784 416 1813 in
443 1794 571 1813 censum
594 1784 768 1820 detulerat;
792 1794 864 1814 reus
890 1785 992 1814 factus
1016 1787 1063 1814 est
1087 1785 1155 1824 lege
1180 1785 1286 1824 Papia,
1304 1794 1384 1824 quae
1409 1785 1471 1814 lata
1491 1784 1592 1814 fuerat
1608 1783 1646 1813 ad
1663 1793 1716 1813 eos

114 1827 312 1863 coercendos,
325 1827 379 1867 qui
394 1831 513 1857 temere
529 1831 561 1856 et
572 1827 690 1857 inlicite
706 1828 865 1857 civitatem
879 1828 1056 1857 Romanam
1072 1832 1288 1867 usurpassent.
1336 1828 1387 1857 Fit
1399 1837 1472 1867 ergo
1488 1827 1576 1867 quasi
1593 1827 1716 1865 conjec-

114 1870 235 1906 turalis,
252 1880 293 1899 an
317 1870 492 1900 adscribtus
517 1871 557 1900 sit
579 1871 612 1900 in
636 1870 779 1900 ordinem
804 1871 1067 1906 Heracliensium,
1084 1875 1115 1901 et
1138 1881 1178 1900 an
1193 1871 1303 1901 fecerit
1323 1871 1439 1907 omnia,
1457 1880 1537 1910 quae
1563 1870 1589 1899 is
1616 1870 1717 1899 facere

114 1912 267 1949 debuerit,
293 1913 347 1953 qui
372 1917 454 1943 esset
470 1923 486 1943 e
501 1923 634 1943 numero
658 1913 901 1944 foederatorum.
947 1914 991 1944 Et
1014 1914 1157 1944 deficitur
1176 1914 1303 1954 quidem
1327 1914 1435 1943 multis
1460 1913 1715 1953 probationibus;

113 1956 296 1986 testimonio
317 1960 424 1986 tamen
451 1956 701 1986 Heracliensium
729 1961 760 1986 et
774 1957 824 1987 vel
845 1958 991 1993 maxime,
1017 1957 1130 1997 quibus
1159 1960 1224 1987 tota
1246 1960 1417 1996 occupatur
1440 1957 1551 1993 oratio,
1575 1956 1718 1995 poeticae

113 1999 270 2029 facultatis
293 2002 324 2028 et
340 1999 500 2029 doctrinae
523 2000 770 2038 jucundissimae
793 2000 892 2038 gratia
916 2000 1038 2029 nititur.
1086 2000 1144 2029 Est
1170 2000 1274 2036 etiam,
1300 2000 1415 2029 omissa
1437 2000 1627 2039 conjectura,
1654 1999 1717 2028 dis-

114 2042 251 2081 ceptatio
277 2051 334 2080 per
359 2042 459 2081 ipsam
484 2042 667 2081 qualitatem
692 2052 854 2082 personae,
879 2046 916 2073 ut
942 2043 1016 2073 civis
1041 2043 1205 2073 Romanus
1228 2043 1341 2073 debeat
1367 2043 1519 2083 adoptari,
1545 2042 1668 2073 etiamsi
1684 2041 1718 2071 in

114 2085 321 2125 praeteritum
338 2094 401 2114 non
418 2085 458 2114 sit
473 2084 648 2114 adscribtus
660 2085 682 2114 ².

118 2175 153 2217 Ῑ.
187 2176 234 2216 Sx
273 2176 371 2231 quid
412 2181 477 2217 est
510 2176 552 2216 in
578 2190 643 2215 me
677 2175 843 2230 ingenii,
873 2176 1048 2230 judices,
1074 2177 1185 2232 quod
1218 2176 1355 2217 sentio
1386 2191 1512 2231 quam
1542 2176 1598 2217 sit
1631 2175 1719 2216 exi-

114 2256 257 2296 guum,
295 2246 370 2282 aut
391 2241 425 2282 si
463 2256 545 2296 qua
582 2240 830 2281 exercitatio
867 2241 1044 2290 dicendi,
1079 2234 1120 2281 sn
1143 2255 1222 2296 qua
1244 2256 1309 2282 me
1339 2256 1421 2281 non
1454 2241 1612 2282 infitior
1633 2255 1717 2281 me-

116 2306 316 2347 diocriter
346 2321 438 2347 esse
462 2311 686 2356 versatum,
719 2311 793 2346 aut
816 2306 851 2346 si
878 2305 1052 2359 hujusce
1073 2306 1133 2346 rei
1164 2306 1273 2347 ratio
1295 2305 1433 2361 aliqua
1467 2306 1519 2346 ab
1542 2307 1717 2361 optima-

162 2420 190 2449 l.
216 2420 255 2449 Si
286 2420 379 2459 quid]
429 2419 462 2449 If
488 2430 550 2459 any
582 2430 656 2450 man
683 2420 800 2450 doubts
827 2420 897 2449 who
943 2420 1038 2459 ciples
1054 2419 1090 2449 of
1101 2419 1305 2459 eloquence2’
1330 2419 1370 2449 he
1384 2430 1490 2450 means
1503 2420 1557 2449 the
1573 2423 1622 2449 art
1635 2418 1713 2459 (ars)

116 2465 213 2491 wrote
229 2462 293 2492 this
309 2463 484 2499 exordium,
501 2463 542 2492 he
565 2463 621 2492 has
645 2463 719 2493 read
737 2464 846 2493 Cicero
864 2468 897 2493 to
942 2473 977 2492 or
997 2472 1057 2492 one
1081 2462 1116 2491 of
1135 2462 1227 2492 those
1249 2462 1356 2502 things
1372 2463 1474 2492 which
1497 2472 1644 2502 compose
1660 2462 1715 2491 the

115 2505 198 2534 little
221 2515 366 2544 purpose.
413 2506 486 2535 And
509 2506 535 2535 if
556 2507 596 2536 he
614 2511 712 2536 wrote
735 2506 790 2536 the
806 2516 897 2536 exor-
944 2506 1095 2535 ‘facultas
1133 2505 1287 2541 oratoris,’
1320 2515 1356 2534 or
1393 2506 1557 2535 oratorical
1587 2515 1712 2544 power:

116 2547 214 2583 dium,
231 2547 271 2577 he
294 2548 448 2587 probably
466 2556 566 2579 wrote
589 2549 644 2579 the
668 2554 731 2579 rest
757 2548 823 2589 (sce
841 2550 896 2579 In-
942 2549 1103 2578 “facultas
1140 2549 1271 2577 oratoris
1315 2552 1553 2578 consummatur
1590 2552 1713 2580 natura.

116 2590 322 2629 troduction).
369 2591 544 2624 Quintilian
571 2592 627 2631 (xi.
647 2593 674 2627 l,
702 2594 759 2628 193
785 2595 815 2628 3,
839 2591 895 2632 97)
940 2595 1016 2627 arte,
1034 2590 1286 2620 exercitatione”
1314 2591 1463 2630 (Quintil.
1480 2591 1523 2620 iii.
1540 2593 1570 2626 5,
1592 2590 1635 2629 l).
1675 2589 1714 2618 In

118 2637 231 2672 quotes
247 2633 301 2662 the
316 2634 417 2663 words
435 2637 442 2650 ‘
455 2635 487 2664 Si
504 2635 578 2674 quid
598 2658 604 2664 .
624 2658 631 2665 .
650 2658 658 2664 .
676 2634 848 2674 exiguum.’
941 2635 989 2664 his
1014 2634 1099 2663 work
1124 2634 1176 2664 On
1201 2634 1255 2662 the
1282 2634 1398 2663 Orator
1426 2633 1535 2663 Cicero
1560 2633 1715 2662 discusses

161 2676 293 2713 hujusce
308 2677 356 2705 rei
372 2677 473 2717 ratio]
501 2682 508 2694 ¹
521 2678 554 2707 If
568 2678 583 2707 Ι
597 2688 723 2717 possess
735 2688 795 2717 any
809 2678 896 2717 prin·
940 2678 994 2707 the
1018 2677 1161 2716 question
1184 2676 1324 2705 whether
1347 2676 1511 2705 oratorical
1534 2685 1638 2714 power
1659 2674 1715 2704 lies

165 2793 174 2811 ¹
199 2792 276 2822 This
300 2802 362 2821 was
388 2792 555 2831 published
577 2793 619 2832 by
646 2793 723 2823 Mai.
773 2794 825 2824 He
849 2804 1002 2834 supposes
1026 2794 1050 2823 it
1075 2798 1107 2824 to
1134 2793 1173 2823 be
1194 2792 1235 2832 by
1257 2792 1413 2822 Asconius
1438 2791 1602 2821 Pedianus.
1647 2790 1717 2820 The

119 2839 205 2876 parts
220 2835 253 2864 in
269 2835 369 2864 italics
386 2845 465 2864 were
481 2836 625 2875 supplied
641 2836 682 2876 by
699 2837 778 2866 Mai.

165 2879 178 2897 2
200 2878 268 2908 The
284 2877 356 2907 MS.
374 2877 430 2908 has
447 2881 454 2894 ⁸
465 2878 632 2909 adsocius.'

240 2934 338 2960 vot„
373 2934 443 2961 111.
592 2968 594 2970 v
1467 2934 1489 2958 1¹
