2063 3242
295 151 375 189 160
766 150 946 192 ORAT.
982 150 1102 191 PRO
1137 150 1187 191 P.
1222 149 1423 191 SULLA

293 268 412 304 tante
441 279 484 304 re
514 263 681 319 publica
702 264 992 306 vehementem
1019 279 1086 305 me
1117 264 1246 305 fuisse
1281 269 1409 319 atque
1445 264 1610 315 fortem,
1647 269 1897 306 conservata

292 329 437 371 mitem
473 344 522 370 ac
555 329 868 370 misericordem
909 330 1156 370 faterentur.
1220 329 1279 371 Et
1315 329 1513 384 quoniam
1552 330 1599 371 L.
1640 329 1893 385 Torquatus,

292 409 411 435 meus
431 393 647 434 familiaris
668 409 717 434 ac
739 394 1014 443 necessarius,
1047 394 1224 448 judices,
1258 394 1528 444 existimavit,
1565 394 1600 435 si
1633 400 1822 436 nostram
1855 396 1897 436 in

292 459 560 500 accusatione
593 474 668 499 sua
699 459 1052 500 necessitudinem
1073 459 1485 514 familiaritatemque
1507 460 1717 506 violasset,
1741 460 1897 515 aliquid

293 540 338 566 se
376 526 426 565 de
463 524 719 565 auctoritate
755 539 872 565 meae
914 524 1166 564 defensionis
1202 539 1326 579 posse
1367 525 1601 574 detrahere,
1646 540 1740 566 cum
1774 525 1897 580 hujus

292 590 464 646 periculi
505 590 817 644 propulsatione
859 590 1113 643 conjungam
1155 589 1440 630 defensionem
1482 590 1605 630 officii
1646 590 1739 630 mei.
1804 591 1896 643 Quo

294 653 462 708 quidem
483 667 635 707 genere
657 667 738 692 non
762 657 903 693 uterer
935 651 1149 701 orationis,
1175 652 1354 706 judices,
1385 653 1464 693 hoc
1499 657 1703 707 tempore,
1738 653 1772 693 si
1802 668 1894 694 mea

293 719 428 759 solum
461 718 715 764 interesset3
751 717 895 758 multis
921 716 1030 757 enim
1065 717 1166 757 mihi
1198 718 1299 759 locis
1330 723 1373 758 et
1407 718 1508 758 data
1541 719 1721 759 facultas
1755 724 1820 760 est
1853 725 1896 760 et

293 799 418 839 saepe
441 784 609 824 dabitur
631 784 681 824 de
703 798 796 823 mea
824 783 947 823 laude
976 782 1164 823 dicendi:
1200 784 1273 823 sed
1303 789 1350 824 ut
1379 783 1445 824 ille
1467 783 1582 833 vidit,
1619 788 1822 838 quantum
1844 785 1895 824 de

292 865 386 890 mea
407 849 664 890 auctoritate
686 848 951 903 deripuisset,
986 853 1151 889 tanturn
1175 864 1219 889 se
1242 849 1292 889 de
1315 849 1438 903 hujus
1463 849 1678 904 praesidiis
1710 849 1896 890 deminu-

292 920 444 964 turum,
470 915 529 955 sic
552 915 630 955 1100
654 929 732 969 ego
761 914 910 963 sentio,
944 914 978 955 si
1000 914 1082 955 mei
1103 914 1205 956 facti
1228 915 1434 955 rationem
1456 915 1573 955 vobis
1596 915 1896 956 constantiam-

293 995 373 1036 que
410 981 534 1035 hujus
570 980 691 1020 officii
727 994 777 1020 ac
814 979 1066 1020 defensionis
1108 981 1353 1034 probavero,
1397 994 1588 1020 caussam
1629 994 1792 1034 quoque
1828 994 1895 1020 me

295 1046 345 1087 P.
378 1046 517 1087 Sullae
556 1047 845 1101 probaturum.
908 1046 974 1085 Ac
1015 1045 1195 1100 primum
1231 1046 1306 1086 abs
1348 1050 1389 1086 te
1426 1045 1539 1093 illud,
1581 1045 1630 1085 L.
1666 1045 1894 1100 Torquate,

292 1126 460 1166 quaero,
485 1126 558 1152 cur
580 1126 644 1152 me
666 1126 691 1151 a.
719 1110 870 1152 ceteris
892 1110 1134 1151 clarissimis
1156 1111 1254 1151 viris
1284 1126 1334 1151 ac
1365 1110 1621 1165 principibus
1648 1110 1833 1151 civitatis
1854 1110 1896 1150 111

292 1177 372 1217 1100
395 1177 531 1217 officio
553 1182 678 1231 atque
700 1176 740 1215 in
764 1175 1017 1216 defensionis
1034 1175 1129 1229 jure
1151 1190 1360 1216 secernas.
1424 1176 1532 1228 Quid
1555 1176 1661 1216 enim
1685 1181 1750 1217 est
1772 1191 1896 1231 quam

292 1243 345 1282 ob
382 1257 470 1282 rem
505 1241 582 1281 abs
620 1246 662 1281 te
700 1241 750 1292 Q.
778 1240 995 1282 Hortensii
1033 1241 1204 1290 factum,
1245 1241 1465 1281 clarissimi
1502 1240 1577 1281 viri
1612 1245 1739 1296 atque
1775 1256 1895 1282 orna-

291 1307 454 1355 tissimi,
479 1321 563 1346 non
584 1306 930 1360 reprehendatur,
954 1306 1288 1360 reprehendatur
1308 1307 1472 1346 meum?
1535 1306 1644 1346 Nam
1678 1306 1711 1346 si
1745 1307 1895 1347 initum

290 1378 356 1414 est
378 1371 593 1413 consilium
615 1386 639 1411 a
665 1371 714 1411 P.
740 1371 855 1412 Sulla
877 1371 1198 1411 inflammandae
1222 1371 1347 1425 hujus
1369 1371 1567 1419 civitatis,
1595 1370 1894 1426 exstinguendi

289 1437 460 1493 imperii,
498 1436 696 1477 delendae
730 1436 858 1484 urbis,
897 1436 998 1476 mihi
1032 1437 1233 1491 majorem
1265 1437 1342 1477 hae
1378 1451 1446 1477 res
1480 1436 1667 1476 dolorem
1696 1451 1819 1491 quam
1844 1437 1894 1489 Q.

291 1504 537 1553 Hortensio,
591 1503 693 1543 mihi
744 1503 881 1557 majus
932 1503 1074 1543 odium
1115 1504 1263 1544 afferre
1305 1503 1490 1543 debent?
1540 1517 1676 1543 meum
1718 1501 1895 1557 denique

288 1570 457 1625 gravius
479 1584 571 1610 esse
588 1569 805 1623 judicium,
835 1568 904 1623 qui
927 1569 1190 1623 adjuvandus
1212 1568 1252 1608 in
1276 1568 1340 1609 his
1362 1568 1535 1617 caussis,
1560 1567 1630 1623 qui
1653 1582 1894 1623 oppugnan-

289 1637 377 1686 dus,
408 1635 477 1690 qui
500 1635 799 1685 defendendus,
835 1635 903 1689 qui
933 1635 1187 1675 deserendus
1217 1648 1309 1675 esse
1343 1634 1563 1675 videatur?
1626 1633 1707 1683 Ita,
1745 1633 1893 1689 inquit,

288 1706 334 1742 tu
357 1701 468 1741 enim
490 1700 768 1755 investigasti,
792 1705 838 1741 tu
860 1700 1101 1755 patefecisti
1125 1699 1472 1754 conjurationem.
1537 1699 1598 1739 ΙΙ.
1623 1699 1745 1751 Quod
1767 1714 1895 1754 quum

289 1766 406 1815 dicit,
430 1780 512 1806 non
534 1765 720 1807 attendit
749 1781 844 1806 eum
875 1766 945 1820 qui
976 1765 1229 1820 patefecerit
1260 1765 1340 1804 hoc
1373 1779 1555 1815 curasse,
1591 1768 1639 1805 ut
1672 1764 1712 1804 id
1750 1779 1894 1805 omnes

289 1831 480 1872 viderent
516 1831 626 1885 quod
662 1836 789 1871 antea
824 1830 974 1871 fuisset
1005 1830 1231 1870 occultum.
1294 1828 1432 1880 Quare
1464 1829 1547 1870 ista
1579 1829 1828 1882 conjuratio,
1858 1829 1893 1869 si

290 1896 505 1952 patefacta
537 1910 612 1950 per
646 1910 711 1935 me
748 1900 824 1944 est,
858 1901 948 1936 tam
984 1899 1104 1949 patet
1144 1894 1377 1934 Hortensio
1415 1908 1541 1948 quam
1582 1894 1696 1934 mihi.
1760 1893 1893 1945 Quem

290 1976 417 2017 quum
450 1960 590 2001 videas
626 1960 703 2001 hoc
740 1960 910 2009 honore,
944 1959 1214 2005 auctoritate,
1243 1958 1412 2007 virtute,
1447 1958 1619 1999 consilio
1656 1960 1893 2013 praeditum

291 2041 373 2068 non
403 2026 618 2066 dubitasse
650 2025 748 2080 quin
779 2025 1044 2066 innocentem
1078 2024 1129 2064 P.
1153 2024 1311 2064 Sullam
1344 2024 1599 2075 defenderet,
1634 2039 1789 2079 quaero
1820 2039 1893 2065 cur

289 2157 399 2194 tante,'
434 2157 564 2195 ‘falling
597 2160 630 2187 to
669 2158 709 2187 its
740 2157 843 2187 ruinz'
879 2167 929 2187 see
957 2167 982 2186 c.
1014 2158 1067 2187 31.

292 2202 412 2231 Gellius
441 2200 518 2240 (xix.
542 2202 576 2240 9)
603 2201 657 2230 has
683 2211 768 2230 some
791 2211 895 2230 verses
919 2200 954 2229 of
974 2200 1067 2230 Vale-

290 2245 355 2274 rius
372 2244 526 2274 Aedituus
543 2244 643 2273 which
659 2245 784 2283 explain
802 2244 856 2273 the
872 2244 956 2273 word
969 2256 1021 2273 2——

322 2306 341 2320 “
355 2303 421 2333 Aut
438 2303 537 2332 imber
553 2304 638 2332 caelo
655 2303 804 2333 candidus
821 2301 1065 2343 praecipita11S.'’

331 2370 609 2409 ozeeassitudinenz]
631 2374 637 2386 ‘
650 2369 949 2406 Necessitudinem‚'
961 2370 998 2399 T.
1011 2371 1048 2399 V.
1060 2382 1066 2406 ;

292 2416 300 2430 ⁴
316 2412 555 2447 necessitatem‚'
572 2413 609 2442 R.
650 2413 760 2442 Either
777 2424 846 2452 may
860 2414 910 2442 do.
949 2413 1068 2442 Gellius

293 2457 370 2493 (xiii.
389 2455 422 2495 3)
442 2456 496 2484 has
513 2466 530 2484 a
546 2456 668 2484 remark
682 2466 723 2484 (111
739 2457 828 2485 these
840 2456 952 2485 words.
978 2457 1069 2485 After

291 2499 458 2537 ridiculing
483 2499 537 2527 the
562 2499 788 2536 grammarians
814 2499 883 2528 who
915 2509 968 2537 say
999 2499 1069 2528 that

294 2546 302 2560 ‘
316 2540 532 2571 necessitudo'
564 2542 625 2570 and
658 2542 863 2570 ‘necessitas’
896 2552 948 2570 are
982 2543 1069 2580 quite

292 2586 448 2620 different,
473 2585 512 2613 lie
533 2585 629 2613 adds:
657 2585 731 2613 “ita
755 2585 832 2613 nihil
856 2585 985 2613 rationis
1009 2585 1068 2613 diei

292 2632 397 2668 potest
424 2628 477 2667 qui
504 2627 702 2656 necessitudo
728 2631 759 2656 et
787 2627 955 2656 necessitas
979 2637 1068 2665 sepa-

292 2675 412 2701 rentur.
460 2671 571 2709 Itaque
595 2670 626 2699 in
650 2670 736 2699 libris
754 2674 894 2699 veterum
912 2670 1004 2707 vulgo
1021 2680 1067 2698 re-

292 2715 395 2754 perias
425 2713 699 2743 Necessitudinem
730 2713 788 2741 dici
821 2723 876 2751 pro
915 2722 951 2741 eo
983 2713 1066 2751 quod

292 2767 456 2787 necessum
474 2760 539 2792 est3
564 2756 617 2785 sed
640 2756 816 2785 Necessitas
837 2765 910 2784 sane
927 2765 982 2793 pro
996 2755 1067 2793 jure

292 2801 457 2839 officioque
484 2799 700 2829 observantiae
725 2799 948 2837 affinitatisque
971 2798 1067 2826 infre-

293 2854 393 2882 quens
409 2846 467 2878 est,
486 2852 676 2881 quamquam
695 2842 747 2881 qui
765 2842 803 2871 01)
824 2842 883 2870 hoe
899 2841 1000 2879 ipsum
1015 2840 1067 2878 jus

293 2886 452 2916 affinitatis
496 2885 753 2915 familiaritatisvc
784 2884 943 2923 eni—juncti
983 2886 1066 2920 sunt,

1114 2156 1280 2186 necessarii
1297 2155 1479 2186 dicuntur.’'

1157 2200 1252 2238 hujus
1264 2198 1422 2238 periculi]
1449 2200 1517 2229 The
1534 2199 1651 2238 danger
1667 2198 1701 2228 of
1716 2198 1803 2228 Sulla
1820 2197 1892 2239 (hu-

1110 2243 1188 2281 jus).
1201 2246 1258 2263 —‘
1270 2243 1514 2272 inflammandae
1552 2243 1647 2280 hujus
1687 2242 1892 2277 u1·bis,—de-

1112 2285 1222 2314 lendae
1239 2284 1396 2320 civitatis‚’
1416 2285 1559 2314 Halia*
1572 2289 1579 2301 ⁴
1594 2285 1713 2314 mihine
1727 2285 1746 2314 :¹
1775 2285 1880 2314 Halm.

1154 2330 1286 2366 {sranius
1302 2328 1380 2366 esse]
1419 2331 1426 2344 ‘
1441 2328 1590 2363 Harsher,
1609 2328 1755 2363 stricter,¹
1776 2328 1870 2356 Halm
1884 2341 1890 2361 ς

1115 2371 1237 2400 ‘verius
1266 2375 1298 2399 et
1323 2371 1448 2408 majoris
1479 2372 1631 2400 momenti
1659 2374 1690 2400 et
1714 2370 1763 2399 cui
1788 2371 1892 2410 potius

1113 2414 1303 2443 credendum
1334 2412 1396 2448 sit‚'
1426 2414 1559 2452 Sylvius.
1606 2413 1675 2443 The
1698 2413 1801 2442 clause
1819 2413 1892 2453 ‘qui

1113 2456 1323 2495 adjuvandus’
1350 2456 1490 2494 depends
1517 2466 1558 2485 on
1585 2456 1780 2494 ‘judiciium’
1809 2467 1842 2486 as
1869 2456 1896 2485 if

1114 2500 1167 2528 the
1185 2499 1293 2527 notion
1311 2498 1346 2527 of
1359 2499 1413 2527 1110
1429 2499 1503 2527 verb
1523 2499 1680 2536 ‘judicare
1692 2500 1699 2511 ’
1718 2509 1797 2528 were
1817 2509 1891 2529 con-

1113 2542 1217 2571 tained
1235 2542 1267 2570 in
1285 2544 1292 2557 ⁴
1305 2540 1479 2578 judicium.'
1527 2542 1585 2570 See
1603 2542 1689 2571 Verr.
1711 2542 1741 2571 ii.
1759 2545 1789 2571 ὃ.
1808 2552 1834 2571 0.
1852 2544 1890 2578 7;

1113 2585 1174 2614 and
1193 2585 1252 2613 Pro
1270 2584 1427 2619 Cluentio,
1444 2595 1469 2613 c.
1488 2586 1548 2613 28:
1576 2588 1594 2601 “
1607 2585 1782 2624 expectatio
1800 2585 1891 2624 quid-

1113 2638 1185 2656 nam
1215 2627 1388 2656 sententiae
1413 2627 1527 2656 ferrent
1554 2628 1638 2657 leves
1665 2639 1700 2657 ae
1722 2629 1890 2658 nummarii

1110 2669 1266 2708 judices.'⁷

1155 2716 1186 2743 2.
1212 2713 1372 2741 dubitasse
1389 2713 1725 2753 quin—deffenderea]
1765 2717 1772 2730 ‘
1788 2714 1890 2744 Dubi-

1112 2754 1197 2783 tare'
1226 2755 1251 2783 is
1277 2756 1433 2794 generally
1460 2756 1535 2784 used
1560 2756 1636 2785 with
1661 2766 1700 2786 an
1725 2757 1889 2792 infinitivo,

1113 2798 1203 2826 when
1231 2798 1319 2827 there
1347 2798 1372 2827 is
1396 2808 1414 2827 a
1436 2799 1578 2836 negative
1603 2799 1679 2828 with
1704 2800 1888 2835 ‘dubitare‚’

1112 2840 1172 2869 and
1191 2841 1243 2869 the
1261 2841 1406 2879 meaning
1422 2841 1447 2870 is
1464 2841 1533 2871 that
1553 2852 1571 2871 a
1597 2852 1669 2871 man
1685 2843 1832 2879 resolves,
1855 2853 1891 2872 or

1113 2883 1187 2912 does
1205 2887 1260 2912 not
1277 2883 1409 2913 hesitate
1425 2888 1457 2914 to
1475 2884 1514 2913 do
1531 2895 1549 2914 a
1564 2885 1665 2924 thing.
1713 2885 1818 2915 When
1835 2885 1890 2915 the
